{"jsonrpc": "2.0", "method": "subscription", "params": {"channel": "book.BTC-24JAN25.none.20.100ms", "data": {"timestamp": 1736957560967, "change_id": 84971913001, "instrument_name": "BTC-24JAN25", "bids": [[99772.5, 15500.0], [99767.5, 980.0], [99765.0, 3280.0], [99760.0, 20.0], [99757.5, 1650.0], [99755.0, 5500.0], [99750.0, 1440.0], [99745.0, 6740.0], [99742.5, 3280.0], [99740.0, 1470.0], [99735.0, 5500.0], [99730.0, 610.0], [99725.0, 3640.0], [99722.5, 5300.0], [99720.0, 30.0], [99712.5, 4970.0], [99710.0, 18210.0], [99705.0, 5500.0], [99700.0, 1680.0], [99695.0, 5500.0]], "asks": [[99785.0, 12150.0], [99787.5, 38280.0], [99790.0, 15000.0], [99792.5, 50000.0], [99795.0, 1220.0], [99797.5, 5500.0], [99800.0, 230.0], [99802.5, 3000.0], [99805.0, 12430.0], [99807.5, 8780.0], [99815.0, 1670.0], [99817.5, 5500.0], [99820.0, 50.0], [99825.0, 1650.0], [99827.5, 5500.0], [99840.0, 30.0], [99842.5, 1650.0], [99845.0, 5500.0], [99847.5, 4920.0], [99850.0, 16390.0]]}}}
{"jsonrpc": "2.0", "method": "subscription", "params": {"channel": "book.BTC-17JAN25.none.20.100ms", "data": {"timestamp": 1736957561356, "change_id": 84971913593, "instrument_name": "BTC-17JAN25", "bids": [[99480.0, 20.0], [99475.0, 2210.0], [99472.5, 3170.0], [99470.0, 4200.0], [99465.0, 25590.0], [99460.0, 86110.0], [99452.5, 1950.0], [99450.0, 9670.0], [99445.0, 4750.0], [99442.5, 10000.0], [99440.0, 6640.0], [99435.0, 1950.0], [99430.0, 6500.0], [99420.0, 1980.0], [99417.5, 6500.0], [99410.0, 1950.0], [99405.0, 6500.0], [99400.0, 1980.0], [99395.0, 6500.0], [99390.0, 6160.0]], "asks": [[99482.5, 23850.0], [99485.0, 20000.0], [99490.0, 990.0], [99492.5, 3170.0], [99495.0, 15990.0], [99497.5, 50000.0], [99500.0, 6500.0], [99505.0, 2690.0], [99510.0, 9670.0], [99517.5, 1960.0], [99520.0, 6520.0], [99530.0, 14950.0], [99532.5, 6500.0], [99535.0, 44770.0], [99537.5, 2000.0], [99540.0, 1970.0], [99542.5, 6500.0], [99552.5, 1950.0], [99555.0, 6500.0], [99560.0, 20.0]]}}}
{"jsonrpc": "2.0", "method": "subscription", "params": {"channel": "book.BTC-24JAN25.none.20.100ms", "data": {"timestamp": 1736957561348, "change_id": 84971913582, "instrument_name": "BTC-24JAN25", "bids": [[99780.0, 10000.0], [99775.0, 780.0], [99772.5, 3280.0], [99760.0, 20.0], [99757.5, 1650.0], [99755.0, 5500.0], [99750.0, 1440.0], [99745.0, 6740.0], [99742.5, 3280.0], [99740.0, 1470.0], [99735.0, 5500.0], [99730.0, 610.0], [99725.0, 3640.0], [99722.5, 5300.0], [99720.0, 30.0], [99712.5, 4970.0], [99710.0, 18210.0], [99705.0, 5500.0], [99700.0, 1680.0], [99695.0, 5500.0]], "asks": [[99785.0, 12150.0], [99787.5, 35000.0], [99790.0, 15000.0], [99792.5, 50000.0], [99795.0, 4500.0], [99797.5, 5500.0], [99800.0, 230.0], [99802.5, 3000.0], [99805.0, 11650.0], [99807.5, 5500.0], [99815.0, 1670.0], [99817.5, 5500.0], [99820.0, 50.0], [99825.0, 1650.0], [99827.5, 5500.0], [99837.5, 990.0], [99840.0, 3310.0], [99842.5, 1650.0], [99845.0, 5500.0], [99847.5, 4920.0]]}}}
{"jsonrpc": "2.0", "method": "subscription", "params": {"channel": "book.BTC-17JAN25.none.20.100ms", "data": {"timestamp": 1736957561654, "change_id": 84971913931, "instrument_name": "BTC-17JAN25", "bids": [[99480.0, 20.0], [99472.5, 1260.0], [99470.0, 4200.0], [99467.5, 950.0], [99465.0, 28760.0], [99460.0, 86110.0], [99452.5, 1950.0], [99450.0, 9670.0], [99445.0, 4750.0], [99442.5, 10000.0], [99440.0, 6640.0], [99435.0, 1950.0], [99430.0, 6500.0], [99420.0, 1980.0], [99417.5, 6500.0], [99410.0, 1950.0], [99405.0, 6500.0], [99400.0, 1980.0], [99395.0, 6500.0], [99390.0, 6160.0]], "asks": [[99482.5, 23850.0], [99485.0, 23170.0], [99495.0, 15990.0], [99497.5, 50000.0], [99500.0, 6500.0], [99505.0, 2690.0], [99510.0, 9670.0], [99517.5, 1960.0], [99520.0, 6520.0], [99530.0, 14950.0], [99532.5, 6500.0], [99535.0, 44770.0], [99537.5, 2000.0], [99540.0, 1970.0], [99542.5, 6500.0], [99552.5, 1950.0], [99555.0, 6500.0], [99560.0, 20.0], [99565.0, 1950.0], [99567.5, 6500.0]]}}}
{"jsonrpc": "2.0", "method": "subscription", "params": {"channel": "book.BTC-24JAN25.none.20.100ms", "data": {"timestamp": 1736957561696, "change_id": 84971914038, "instrument_name": "BTC-24JAN25", "bids": [[99772.5, 10000.0], [99770.0, 980.0], [99765.0, 3280.0], [99760.0, 20.0], [99757.5, 1650.0], [99755.0, 5500.0], [99750.0, 1440.0], [99745.0, 6740.0], [99742.5, 3280.0], [99740.0, 1470.0], [99735.0, 5500.0], [99730.0, 610.0], [99725.0, 3640.0], [99722.5, 5300.0], [99720.0, 30.0], [99712.5, 4970.0], [99710.0, 18210.0], [99705.0, 5500.0], [99700.0, 1680.0], [99695.0, 5500.0]], "asks": [[99782.5, 1650.0], [99785.0, 17650.0], [99787.5, 38280.0], [99790.0, 15000.0], [99792.5, 50000.0], [99795.0, 1220.0], [99797.5, 5500.0], [99800.0, 230.0], [99802.5, 3000.0], [99805.0, 11650.0], [99807.5, 5500.0], [99815.0, 1670.0], [99817.5, 5500.0], [99820.0, 50.0], [99825.0, 1650.0], [99827.5, 5500.0], [99837.5, 990.0], [99840.0, 3310.0], [99842.5, 1650.0], [99845.0, 5500.0]]}}}
{"jsonrpc": "2.0", "method": "subscription", "params": {"channel": "book.BTC-17JAN25.none.20.100ms", "data": {"timestamp": 1736957562010, "change_id": 84971914166, "instrument_name": "BTC-17JAN25", "bids": [[99480.0, 20.0], [99472.5, 1260.0], [99470.0, 4200.0], [99467.5, 950.0], [99465.0, 28760.0], [99460.0, 86110.0], [99452.5, 1950.0], [99450.0, 9670.0], [99445.0, 4750.0], [99442.5, 10000.0], [99440.0, 6640.0], [99435.0, 1950.0], [99430.0, 6500.0], [99420.0, 1980.0], [99417.5, 6500.0], [99410.0, 1950.0], [99405.0, 6500.0], [99400.0, 1980.0], [99395.0, 6500.0], [99390.0, 6160.0]], "asks": [[99482.5, 23850.0], [99485.0, 23170.0], [99495.0, 15990.0], [99497.5, 50000.0], [99500.0, 6500.0], [99505.0, 2690.0], [99510.0, 9670.0], [99517.5, 1960.0], [99520.0, 6520.0], [99530.0, 14950.0], [99532.5, 6500.0], [99535.0, 44770.0], [99537.5, 2000.0], [99540.0, 1970.0], [99542.5, 6500.0], [99552.5, 1950.0], [99555.0, 6500.0], [99560.0, 20.0], [99565.0, 1950.0], [99567.5, 6500.0]]}}}
{"jsonrpc": "2.0", "method": "subscription", "params": {"channel": "book.BTC-17JAN25.none.20.100ms", "data": {"timestamp": 1736957562411, "change_id": 84971914404, "instrument_name": "BTC-17JAN25", "bids": [[99480.0, 6520.0], [99472.5, 3050.0], [99470.0, 10700.0], [99467.5, 950.0], [99465.0, 5140.0], [99460.0, 6550.0], [99452.5, 1950.0], [99450.0, 9670.0], [99445.0, 4750.0], [99442.5, 10000.0], [99440.0, 6640.0], [99435.0, 1950.0], [99430.0, 6500.0], [99420.0, 1980.0], [99417.5, 6500.0], [99410.0, 1950.0], [99405.0, 6500.0], [99400.0, 1980.0], [99395.0, 6500.0], [99390.0, 6160.0]], "asks": [[99482.5, 17350.0], [99485.0, 23170.0], [99495.0, 15870.0], [99497.5, 50120.0], [99500.0, 6500.0], [99505.0, 2690.0], [99510.0, 9670.0], [99517.5, 1960.0], [99520.0, 6520.0], [99530.0, 14950.0], [99532.5, 6500.0], [99535.0, 44770.0], [99537.5, 2000.0], [99540.0, 1970.0], [99542.5, 6500.0], [99552.5, 1950.0], [99555.0, 6500.0], [99560.0, 20.0], [99565.0, 1950.0], [99567.5, 6500.0]]}}}
{"jsonrpc": "2.0", "method": "subscription", "params": {"channel": "book.BTC-24JAN25.none.20.100ms", "data": {"timestamp": 1736957562389, "change_id": 84971914383, "instrument_name": "BTC-24JAN25", "bids": [[99780.0, 10000.0], [99770.0, 2510.0], [99767.5, 5500.0], [99765.0, 3280.0], [99760.0, 20.0], [99757.5, 1650.0], [99755.0, 5500.0], [99750.0, 1440.0], [99745.0, 6740.0], [99742.5, 3280.0], [99740.0, 1470.0], [99735.0, 5500.0], [99730.0, 610.0], [99725.0, 3640.0], [99722.5, 5300.0], [99720.0, 30.0], [99712.5, 4970.0], [99710.0, 18210.0], [99705.0, 5500.0], [99700.0, 1680.0]], "asks": [[99785.0, 12150.0], [99787.5, 38280.0], [99790.0, 15000.0], [99792.5, 50000.0], [99795.0, 1220.0], [99797.5, 5500.0], [99800.0, 230.0], [99802.5, 3000.0], [99805.0, 11650.0], [99807.5, 5500.0], [99815.0, 1670.0], [99817.5, 5500.0], [99820.0, 50.0], [99825.0, 1650.0], [99827.5, 5500.0], [99837.5, 990.0], [99840.0, 3310.0], [99842.5, 1650.0], [99845.0, 5500.0], [99847.5, 4920.0]]}}}
{"jsonrpc": "2.0", "method": "subscription", "params": {"channel": "book.BTC-17JAN25.none.20.100ms", "data": {"timestamp": 1736957562761, "change_id": 84971915650, "instrument_name": "BTC-17JAN25", "bids": [[99487.5, 9090.0], [99485.0, 19680.0], [99482.5, 14570.0], [99480.0, 13020.0], [99472.5, 3050.0], [99470.0, 10700.0], [99467.5, 23870.0], [99465.0, 81540.0], [99460.0, 6550.0], [99457.5, 3000.0], [99455.0, 10000.0], [99452.5, 2070.0], [99450.0, 9670.0], [99445.0, 1960.0], [99440.0, 6520.0], [99435.0, 1950.0], [99430.0, 6500.0], [99420.0, 1980.0], [99417.5, 6500.0], [99410.0, 1950.0]], "asks": [[99492.5, 13900.0], [99495.0, 20000.0], [99500.0, 3000.0], [99502.5, 10000.0], [99505.0, 20730.0], [99507.5, 50000.0], [99510.0, 6620.0], [99517.5, 1960.0], [99520.0, 6520.0], [99530.0, 14950.0], [99532.5, 6500.0], [99535.0, 45640.0], [99537.5, 2000.0], [99540.0, 5140.0], [99542.5, 6500.0], [99552.5, 1950.0], [99555.0, 6500.0], [99560.0, 20.0], [99565.0, 1950.0], [99567.5, 6500.0]]}}}
{"jsonrpc": "2.0", "method": "subscription", "params": {"channel": "book.BTC-24JAN25.none.20.100ms", "data": {"timestamp": 1736957562677, "change_id": 84971915245, "instrument_name": "BTC-24JAN25", "bids": [[99785.0, 13280.0], [99782.5, 1650.0], [99780.0, 5500.0], [99770.0, 1530.0], [99767.5, 5500.0], [99760.0, 20.0], [99757.5, 1650.0], [99755.0, 5500.0], [99750.0, 1440.0], [99745.0, 6740.0], [99742.5, 3280.0], [99740.0, 1470.0], [99735.0, 5500.0], [99730.0, 610.0], [99725.0, 3640.0], [99722.5, 5300.0], [99720.0, 30.0], [99712.5, 4970.0], [99710.0, 18210.0], [99705.0, 5500.0]], "asks": [[99787.5, 35000.0], [99800.0, 230.0], [99805.0, 2430.0], [99807.5, 8780.0], [99815.0, 1670.0], [99817.5, 5500.0], [99820.0, 15050.0], [99822.5, 50000.0], [99825.0, 11650.0], [99827.5, 5500.0], [99837.5, 990.0], [99840.0, 3310.0], [99842.5, 1650.0], [99845.0, 5500.0], [99847.5, 4920.0], [99850.0, 16390.0], [99852.5, 4550.0], [99855.0, 15160.0], [99857.5, 1720.0], [99860.0, 5530.0]]}}}
{"jsonrpc": "2.0", "method": "subscription", "params": {"channel": "book.BTC-17JAN25.none.20.100ms", "data": {"timestamp": 1736957563099, "change_id": 84971917175, "instrument_name": "BTC-17JAN25", "bids": [[99492.5, 16040.0], [99490.0, 8320.0], [99487.5, 4900.0], [99485.0, 10410.0], [99480.0, 13020.0], [99472.5, 3050.0], [99470.0, 10700.0], [99465.0, 1970.0], [99460.0, 6550.0], [99457.5, 3000.0], [99455.0, 10000.0], [99452.5, 2070.0], [99450.0, 9670.0], [99445.0, 1960.0], [99440.0, 6520.0], [99435.0, 1950.0], [99430.0, 6500.0], [99420.0, 1980.0], [99417.5, 6500.0], [99410.0, 1950.0]], "asks": [[99497.5, 9900.0], [99500.0, 6000.0], [99502.5, 20000.0], [99505.0, 1950.0], [99507.5, 6500.0], [99510.0, 950.0], [99512.5, 3170.0], [99515.0, 16960.0], [99517.5, 50000.0], [99520.0, 6520.0], [99522.5, 120.0], [99530.0, 1950.0], [99532.5, 6500.0], [99535.0, 1480.0], [99537.5, 2000.0], [99540.0, 5140.0], [99542.5, 6500.0], [99552.5, 1950.0], [99555.0, 6500.0], [99560.0, 20.0]]}}}
{"jsonrpc": "2.0", "method": "subscription", "params": {"channel": "book.BTC-24JAN25.none.20.100ms", "data": {"timestamp": 1736957563046, "change_id": 84971917159, "instrument_name": "BTC-24JAN25", "bids": [[99795.0, 3280.0], [99787.5, 3980.0], [99785.0, 10000.0], [99782.5, 1650.0], [99780.0, 5500.0], [99777.5, 980.0], [99775.0, 3280.0], [99770.0, 1530.0], [99767.5, 5500.0], [99760.0, 20.0], [99757.5, 1650.0], [99755.0, 5500.0], [99750.0, 2070.0], [99747.5, 2000.0], [99745.0, 5500.0], [99740.0, 1470.0], [99735.0, 5500.0], [99725.0, 1640.0], [99722.5, 5300.0], [99720.0, 30.0]], "asks": [[99800.0, 35230.0], [99812.5, 980.0], [99815.0, 4950.0], [99817.5, 5500.0], [99820.0, 17680.0], [99822.5, 50000.0], [99825.0, 1650.0], [99827.5, 5500.0], [99837.5, 990.0], [99840.0, 3310.0], [99842.5, 1650.0], [99845.0, 5500.0], [99847.5, 4920.0], [99850.0, 16390.0], [99852.5, 4550.0], [99855.0, 15160.0], [99857.5, 1720.0], [99860.0, 5530.0], [99865.0, 1650.0], [99867.5, 2010.0]]}}}
{"jsonrpc": "2.0", "method": "subscription", "params": {"channel": "book.BTC-17JAN25.none.20.100ms", "data": {"timestamp": 1736957563437, "change_id": 84971917692, "instrument_name": "BTC-17JAN25", "bids": [[99492.5, 6500.0], [99490.0, 1950.0], [99485.0, 35260.0], [99482.5, 79580.0], [99480.0, 6520.0], [99472.5, 5830.0], [99470.0, 20700.0], [99465.0, 1970.0], [99460.0, 6550.0], [99452.5, 2070.0], [99450.0, 9670.0], [99445.0, 1960.0], [99440.0, 6520.0], [99435.0, 1950.0], [99430.0, 6500.0], [99420.0, 1980.0], [99417.5, 6500.0], [99410.0, 1950.0], [99407.5, 14850.0], [99405.0, 6500.0]], "asks": [[99497.5, 16400.0], [99500.0, 6000.0], [99502.5, 20000.0], [99505.0, 1950.0], [99507.5, 6500.0], [99510.0, 3830.0], [99512.5, 13170.0], [99515.0, 16960.0], [99517.5, 50000.0], [99520.0, 6520.0], [99522.5, 120.0], [99530.0, 1950.0], [99532.5, 6500.0], [99535.0, 1480.0], [99537.5, 2000.0], [99540.0, 5140.0], [99542.5, 6500.0], [99552.5, 1950.0], [99555.0, 6500.0], [99560.0, 20.0]]}}}
{"jsonrpc": "2.0", "method": "subscription", "params": {"channel": "book.BTC-24JAN25.none.20.100ms", "data": {"timestamp": 1736957563173, "change_id": 84971917466, "instrument_name": "BTC-24JAN25", "bids": [[99787.5, 7260.0], [99785.0, 10000.0], [99782.5, 1650.0], [99780.0, 5500.0], [99770.0, 1530.0], [99767.5, 5500.0], [99760.0, 20.0], [99757.5, 1650.0], [99755.0, 5500.0], [99750.0, 2070.0], [99747.5, 2000.0], [99745.0, 6490.0], [99742.5, 3280.0], [99740.0, 1470.0], [99735.0, 5500.0], [99725.0, 1640.0], [99722.5, 5300.0], [99720.0, 30.0], [99712.5, 4970.0], [99710.0, 18210.0]], "asks": [[99797.5, 10570.0], [99800.0, 35230.0], [99805.0, 1650.0], [99807.5, 5500.0], [99812.5, 980.0], [99815.0, 4950.0], [99817.5, 5500.0], [99820.0, 17680.0], [99822.5, 50000.0], [99825.0, 1650.0], [99827.5, 5500.0], [99832.5, 3000.0], [99835.0, 10000.0], [99837.5, 990.0], [99840.0, 3310.0], [99842.5, 1650.0], [99845.0, 5500.0], [99847.5, 4920.0], [99850.0, 16390.0], [99852.5, 4550.0]]}}}
{"jsonrpc": "2.0", "method": "subscription", "params": {"channel": "book.BTC-17JAN25.none.20.100ms", "data": {"timestamp": 1736957563685, "change_id": 84971918124, "instrument_name": "BTC-17JAN25", "bids": [[99485.0, 35260.0], [99482.5, 79580.0], [99480.0, 20.0], [99472.5, 1950.0], [99470.0, 6500.0], [99465.0, 1970.0], [99460.0, 6550.0], [99457.5, 10000.0], [99452.5, 2070.0], [99450.0, 9670.0], [99445.0, 1960.0], [99440.0, 6520.0], [99435.0, 1950.0], [99430.0, 6500.0], [99420.0, 1980.0], [99417.5, 6500.0], [99410.0, 1950.0], [99407.5, 14850.0], [99405.0, 6500.0], [99402.5, 45640.0]], "asks": [[99490.0, 25540.0], [99492.5, 11400.0], [99495.0, 28200.0], [99497.5, 4900.0], [99500.0, 70000.0], [99502.5, 950.0], [99505.0, 5120.0], [99507.5, 6500.0], [99510.0, 3830.0], [99512.5, 10000.0], [99517.5, 1960.0], [99520.0, 6520.0], [99522.5, 120.0], [99530.0, 1950.0], [99532.5, 6500.0], [99535.0, 1480.0], [99537.5, 2000.0], [99540.0, 5140.0], [99542.5, 6500.0], [99552.5, 1950.0]]}}}
{"jsonrpc": "2.0", "method": "subscription", "params": {"channel": "book.BTC-24JAN25.none.20.100ms", "data": {"timestamp": 1736957563714, "change_id": 84971918189, "instrument_name": "BTC-24JAN25", "bids": [[99790.0, 10000.0], [99782.5, 980.0], [99780.0, 3280.0], [99770.0, 1530.0], [99767.5, 5500.0], [99760.0, 20.0], [99757.5, 1650.0], [99755.0, 5500.0], [99750.0, 2070.0], [99747.5, 2000.0], [99745.0, 6490.0], [99742.5, 3280.0], [99740.0, 1470.0], [99735.0, 5500.0], [99725.0, 1640.0], [99722.5, 5300.0], [99720.0, 30.0], [99710.0, 1650.0], [99705.0, 5500.0], [99702.5, 5010.0]], "asks": [[99797.5, 16070.0], [99800.0, 35230.0], [99805.0, 2430.0], [99807.5, 8780.0], [99815.0, 1670.0], [99817.5, 5500.0], [99820.0, 17680.0], [99822.5, 50000.0], [99825.0, 1650.0], [99827.5, 5500.0], [99832.5, 3000.0], [99835.0, 10000.0], [99837.5, 990.0], [99840.0, 3310.0], [99842.5, 1650.0], [99845.0, 5500.0], [99847.5, 4920.0], [99850.0, 16390.0], [99852.5, 4550.0], [99855.0, 15160.0]]}}}
{"jsonrpc": "2.0", "method": "subscription", "params": {"channel": "book.BTC-17JAN25.none.20.100ms", "data": {"timestamp": 1736957564027, "change_id": 84971918425, "instrument_name": "BTC-17JAN25", "bids": [[99485.0, 32090.0], [99482.5, 79580.0], [99480.0, 970.0], [99477.5, 3170.0], [99472.5, 1950.0], [99470.0, 6500.0], [99465.0, 1970.0], [99460.0, 6550.0], [99457.5, 10000.0], [99452.5, 2070.0], [99450.0, 9670.0], [99445.0, 1960.0], [99440.0, 6520.0], [99435.0, 1950.0], [99430.0, 6500.0], [99420.0, 1980.0], [99417.5, 6500.0], [99410.0, 1950.0], [99407.5, 14850.0], [99405.0, 6500.0]], "asks": [[99490.0, 25540.0], [99492.5, 11400.0], [99495.0, 28200.0], [99497.5, 4900.0], [99500.0, 70000.0], [99502.5, 950.0], [99505.0, 5120.0], [99507.5, 6500.0], [99510.0, 3830.0], [99512.5, 10120.0], [99517.5, 1960.0], [99520.0, 6520.0], [99530.0, 1950.0], [99532.5, 6500.0], [99535.0, 1480.0], [99537.5, 2000.0], [99540.0, 5140.0], [99542.5, 6500.0], [99552.5, 1950.0], [99555.0, 6500.0]]}}}
{"jsonrpc": "2.0", "method": "subscription", "params": {"channel": "book.BTC-24JAN25.none.20.100ms", "data": {"timestamp": 1736957564027, "change_id": 84971918456, "instrument_name": "BTC-24JAN25", "bids": [[99790.0, 10000.0], [99782.5, 980.0], [99780.0, 3280.0], [99770.0, 1530.0], [99767.5, 5500.0], [99760.0, 20.0], [99757.5, 1650.0], [99755.0, 5500.0], [99750.0, 2070.0], [99747.5, 2000.0], [99745.0, 6490.0], [99742.5, 3280.0], [99740.0, 1470.0], [99735.0, 5500.0], [99725.0, 1640.0], [99722.5, 5300.0], [99720.0, 30.0], [99710.0, 1650.0], [99705.0, 5500.0], [99702.5, 4890.0]], "asks": [[99797.5, 16070.0], [99800.0, 35230.0], [99805.0, 2430.0], [99807.5, 8780.0], [99815.0, 1670.0], [99817.5, 5500.0], [99820.0, 17680.0], [99822.5, 50000.0], [99825.0, 1650.0], [99827.5, 5500.0], [99832.5, 3000.0], [99835.0, 10000.0], [99837.5, 990.0], [99840.0, 3310.0], [99842.5, 1650.0], [99845.0, 5500.0], [99847.5, 4920.0], [99850.0, 16390.0], [99852.5, 4550.0], [99855.0, 15160.0]]}}}
{"jsonrpc": "2.0", "method": "subscription", "params": {"channel": "book.BTC-17JAN25.none.20.100ms", "data": {"timestamp": 1736957564309, "change_id": 84971918924, "instrument_name": "BTC-17JAN25", "bids": [[99487.5, 11400.0], [99485.0, 35260.0], [99482.5, 79580.0], [99480.0, 20.0], [99472.5, 1950.0], [99470.0, 6500.0], [99465.0, 1970.0], [99460.0, 6550.0], [99457.5, 10000.0], [99452.5, 2070.0], [99450.0, 9670.0], [99445.0, 1960.0], [99440.0, 6520.0], [99435.0, 1950.0], [99430.0, 6500.0], [99420.0, 1980.0], [99417.5, 6500.0], [99410.0, 1950.0], [99407.5, 14850.0], [99405.0, 6500.0]], "asks": [[99490.0, 13410.0], [99492.5, 4900.0], [99495.0, 28200.0], [99497.5, 4900.0], [99500.0, 73950.0], [99502.5, 10000.0], [99505.0, 5120.0], [99507.5, 6500.0], [99512.5, 120.0], [99517.5, 1960.0], [99520.0, 6520.0], [99530.0, 1950.0], [99532.5, 6500.0], [99535.0, 1480.0], [99537.5, 2000.0], [99540.0, 5140.0], [99542.5, 6500.0], [99552.5, 1950.0], [99555.0, 6500.0], [99560.0, 13270.0]]}}}
{"jsonrpc": "2.0", "method": "subscription", "params": {"channel": "book.BTC-24JAN25.none.20.100ms", "data": {"timestamp": 1736957564401, "change_id": 84971918781, "instrument_name": "BTC-24JAN25", "bids": [[99792.5, 10000.0], [99785.0, 2630.0], [99782.5, 5500.0], [99780.0, 3280.0], [99770.0, 1530.0], [99767.5, 5500.0], [99760.0, 20.0], [99757.5, 1650.0], [99755.0, 5500.0], [99750.0, 2070.0], [99747.5, 2000.0], [99745.0, 6490.0], [99742.5, 3280.0], [99740.0, 1470.0], [99735.0, 5500.0], [99725.0, 1640.0], [99722.5, 5300.0], [99720.0, 30.0], [99710.0, 1650.0], [99705.0, 5500.0]], "asks": [[99797.5, 10570.0], [99800.0, 35230.0], [99805.0, 2430.0], [99807.5, 8780.0], [99815.0, 1670.0], [99817.5, 5500.0], [99820.0, 17680.0], [99822.5, 50000.0], [99825.0, 1650.0], [99827.5, 5500.0], [99832.5, 3000.0], [99835.0, 10000.0], [99837.5, 990.0], [99840.0, 3310.0], [99842.5, 1650.0], [99845.0, 5500.0], [99847.5, 4920.0], [99850.0, 16390.0], [99852.5, 4550.0], [99855.0, 15160.0]]}}}
{"jsonrpc": "2.0", "method": "subscription", "params": {"channel": "book.BTC-17JAN25.none.20.100ms", "data": {"timestamp": 1736957564639, "change_id": 84971919134, "instrument_name": "BTC-17JAN25", "bids": [[99487.5, 11400.0], [99485.0, 35260.0], [99482.5, 79580.0], [99480.0, 20.0], [99472.5, 1950.0], [99470.0, 6500.0], [99465.0, 1970.0], [99460.0, 9550.0], [99457.5, 10000.0], [99452.5, 2070.0], [99450.0, 9670.0], [99445.0, 1960.0], [99440.0, 6520.0], [99435.0, 1950.0], [99430.0, 6500.0], [99420.0, 1980.0], [99417.5, 6500.0], [99410.0, 1950.0], [99407.5, 14850.0], [99405.0, 20200.0]], "asks": [[99490.0, 13410.0], [99492.5, 4900.0], [99495.0, 23300.0], [99497.5, 4900.0], [99500.0, 73950.0], [99502.5, 10000.0], [99505.0, 5120.0], [99507.5, 6500.0], [99512.5, 120.0], [99517.5, 1960.0], [99520.0, 6520.0], [99530.0, 1950.0], [99532.5, 6500.0], [99535.0, 1480.0], [99537.5, 2000.0], [99540.0, 5140.0], [99542.5, 6500.0], [99552.5, 1950.0], [99555.0, 6500.0], [99560.0, 13270.0]]}}}
{"jsonrpc": "2.0", "method": "subscription", "params": {"channel": "book.BTC-24JAN25.none.20.100ms", "data": {"timestamp": 1736957564574, "change_id": 84971919051, "instrument_name": "BTC-24JAN25", "bids": [[99792.5, 10000.0], [99785.0, 2630.0], [99782.5, 5500.0], [99780.0, 3280.0], [99770.0, 1530.0], [99767.5, 5500.0], [99760.0, 20.0], [99757.5, 1650.0], [99755.0, 5500.0], [99750.0, 6960.0], [99747.5, 18550.0], [99745.0, 6490.0], [99742.5, 3280.0], [99740.0, 1470.0], [99735.0, 5500.0], [99725.0, 1640.0], [99722.5, 5300.0], [99720.0, 30.0], [99710.0, 1650.0], [99705.0, 5500.0]], "asks": [[99797.5, 10570.0], [99800.0, 35230.0], [99805.0, 2430.0], [99807.5, 8780.0], [99815.0, 1670.0], [99817.5, 5500.0], [99820.0, 17680.0], [99822.5, 50000.0], [99825.0, 1650.0], [99827.5, 5500.0], [99832.5, 3000.0], [99835.0, 10000.0], [99837.5, 990.0], [99840.0, 3310.0], [99842.5, 1650.0], [99845.0, 5500.0], [99847.5, 4920.0], [99850.0, 16390.0], [99852.5, 4550.0], [99855.0, 15160.0]]}}}
{"jsonrpc": "2.0", "method": "subscription", "params": {"channel": "book.BTC-17JAN25.none.20.100ms", "data": {"timestamp": 1736957564831, "change_id": 84971919541, "instrument_name": "BTC-17JAN25", "bids": [[99492.5, 12870.0], [99490.0, 9270.0], [99487.5, 11400.0], [99485.0, 28760.0], [99482.5, 79580.0], [99480.0, 20.0], [99472.5, 1950.0], [99470.0, 6500.0], [99465.0, 1970.0], [99460.0, 9550.0], [99457.5, 10000.0], [99452.5, 2070.0], [99450.0, 9670.0], [99445.0, 1960.0], [99440.0, 6520.0], [99435.0, 1950.0], [99430.0, 6500.0], [99420.0, 1980.0], [99417.5, 6500.0], [99410.0, 1950.0]], "asks": [[99495.0, 7350.0], [99497.5, 29850.0], [99500.0, 70000.0], [99502.5, 10000.0], [99505.0, 3170.0], [99512.5, 120.0], [99517.5, 1960.0], [99520.0, 6520.0], [99530.0, 1950.0], [99532.5, 6500.0], [99535.0, 1480.0], [99537.5, 2000.0], [99540.0, 5140.0], [99542.5, 6500.0], [99552.5, 1950.0], [99555.0, 6500.0], [99560.0, 13270.0], [99562.5, 44160.0], [99565.0, 1950.0], [99567.5, 6500.0]]}}}
{"jsonrpc": "2.0", "method": "subscription", "params": {"channel": "book.BTC-24JAN25.none.20.100ms", "data": {"timestamp": 1736957565034, "change_id": 84971919768, "instrument_name": "BTC-24JAN25", "bids": [[99792.5, 10000.0], [99790.0, 980.0], [99787.5, 3280.0], [99785.0, 1650.0], [99782.5, 5500.0], [99770.0, 1530.0], [99767.5, 5500.0], [99760.0, 20.0], [99757.5, 1650.0], [99755.0, 5500.0], [99750.0, 6960.0], [99747.5, 18550.0], [99745.0, 6490.0], [99742.5, 3280.0], [99740.0, 1470.0], [99735.0, 5500.0], [99725.0, 1640.0], [99722.5, 5300.0], [99720.0, 30.0], [99710.0, 1650.0]], "asks": [[99797.5, 10570.0], [99800.0, 35230.0], [99805.0, 780.0], [99807.5, 3280.0], [99815.0, 1670.0], [99817.5, 5500.0], [99820.0, 17680.0], [99822.5, 50000.0], [99825.0, 1650.0], [99827.5, 5500.0], [99832.5, 3000.0], [99835.0, 10000.0], [99837.5, 990.0], [99840.0, 3310.0], [99842.5, 1650.0], [99845.0, 5500.0], [99847.5, 4920.0], [99850.0, 16390.0], [99852.5, 4550.0], [99855.0, 15160.0]]}}}
{"jsonrpc": "2.0", "method": "subscription", "params": {"channel": "book.BTC-17JAN25.none.20.100ms", "data": {"timestamp": 1736957565350, "change_id": 84971919989, "instrument_name": "BTC-17JAN25", "bids": [[99492.5, 4900.0], [99490.0, 7800.0], [99487.5, 6500.0], [99485.0, 28760.0], [99482.5, 79580.0], [99480.0, 20.0], [99472.5, 1950.0], [99470.0, 6500.0], [99465.0, 1970.0], [99460.0, 9550.0], [99457.5, 10000.0], [99452.5, 2070.0], [99450.0, 9670.0], [99445.0, 1960.0], [99440.0, 6520.0], [99435.0, 1950.0], [99430.0, 6500.0], [99420.0, 1980.0], [99417.5, 6500.0], [99410.0, 1950.0]], "asks": [[99495.0, 13850.0], [99497.5, 29850.0], [99500.0, 70000.0], [99502.5, 10000.0], [99505.0, 3170.0], [99512.5, 120.0], [99517.5, 1960.0], [99520.0, 6520.0], [99530.0, 1950.0], [99532.5, 6500.0], [99535.0, 1480.0], [99537.5, 2000.0], [99540.0, 5140.0], [99542.5, 6500.0], [99552.5, 1950.0], [99555.0, 6500.0], [99560.0, 13270.0], [99562.5, 44160.0], [99565.0, 1950.0], [99567.5, 6500.0]]}}}
{"jsonrpc": "2.0", "method": "subscription", "params": {"channel": "book.BTC-24JAN25.none.20.100ms", "data": {"timestamp": 1736957565349, "change_id": 84971919986, "instrument_name": "BTC-24JAN25", "bids": [[99792.5, 10000.0], [99790.0, 980.0], [99787.5, 3280.0], [99770.0, 1530.0], [99767.5, 5500.0], [99760.0, 20.0], [99757.5, 1650.0], [99755.0, 5500.0], [99750.0, 6960.0], [99747.5, 18550.0], [99745.0, 6490.0], [99742.5, 3280.0], [99740.0, 1470.0], [99735.0, 5500.0], [99725.0, 1640.0], [99722.5, 5300.0], [99720.0, 30.0], [99710.0, 1650.0], [99705.0, 5500.0], [99700.0, 1680.0]], "asks": [[99797.5, 10570.0], [99800.0, 35230.0], [99805.0, 780.0], [99807.5, 3280.0], [99815.0, 1670.0], [99817.5, 5500.0], [99820.0, 17680.0], [99822.5, 50000.0], [99825.0, 1650.0], [99827.5, 5500.0], [99832.5, 3000.0], [99835.0, 10000.0], [99837.5, 990.0], [99840.0, 3310.0], [99842.5, 1650.0], [99845.0, 5500.0], [99847.5, 4920.0], [99850.0, 16390.0], [99852.5, 4550.0], [99855.0, 15160.0]]}}}
{"jsonrpc": "2.0", "method": "subscription", "params": {"channel": "book.BTC-17JAN25.none.20.100ms", "data": {"timestamp": 1736957565678, "change_id": 84971920389, "instrument_name": "BTC-17JAN25", "bids": [[99492.5, 17900.0], [99490.0, 7800.0], [99487.5, 6500.0], [99485.0, 28760.0], [99482.5, 79580.0], [99480.0, 20.0], [99472.5, 1950.0], [99470.0, 6500.0], [99465.0, 1970.0], [99460.0, 9550.0], [99457.5, 10000.0], [99452.5, 2070.0], [99450.0, 9670.0], [99445.0, 1960.0], [99440.0, 6520.0], [99435.0, 1950.0], [99430.0, 6500.0], [99420.0, 1980.0], [99417.5, 6500.0], [99410.0, 1950.0]], "asks": [[99495.0, 12450.0], [99497.5, 6950.0], [99500.0, 20000.0], [99505.0, 3170.0], [99512.5, 120.0], [99517.5, 1960.0], [99520.0, 6520.0], [99527.5, 15000.0], [99530.0, 51950.0], [99532.5, 6500.0], [99535.0, 1480.0], [99537.5, 2000.0], [99540.0, 5140.0], [99542.5, 6500.0], [99552.5, 1950.0], [99555.0, 6500.0], [99560.0, 13270.0], [99562.5, 44160.0], [99565.0, 1950.0], [99567.5, 6500.0]]}}}
{"jsonrpc": "2.0", "method": "subscription", "params": {"channel": "book.BTC-24JAN25.none.20.100ms", "data": {"timestamp": 1736957565758, "change_id": 84971920419, "instrument_name": "BTC-24JAN25", "bids": [[99795.0, 15500.0], [99790.0, 980.0], [99787.5, 3280.0], [99770.0, 1530.0], [99767.5, 5500.0], [99760.0, 20.0], [99757.5, 1650.0], [99755.0, 5500.0], [99750.0, 6960.0], [99747.5, 18550.0], [99745.0, 6490.0], [99742.5, 3280.0], [99740.0, 1470.0], [99735.0, 5500.0], [99725.0, 1640.0], [99722.5, 5300.0], [99720.0, 30.0], [99710.0, 1650.0], [99705.0, 5500.0], [99700.0, 1680.0]], "asks": [[99800.0, 35230.0], [99805.0, 780.0], [99807.5, 3280.0], [99815.0, 1670.0], [99817.5, 5500.0], [99820.0, 17680.0], [99822.5, 50000.0], [99825.0, 1650.0], [99827.5, 5500.0], [99832.5, 3000.0], [99835.0, 10000.0], [99837.5, 990.0], [99840.0, 3310.0], [99842.5, 1650.0], [99845.0, 5500.0], [99847.5, 4920.0], [99850.0, 16390.0], [99852.5, 4550.0], [99855.0, 15160.0], [99857.5, 1720.0]]}}}
{"jsonrpc": "2.0", "method": "subscription", "params": {"channel": "book.BTC-17JAN25.none.20.100ms", "data": {"timestamp": 1736957566084, "change_id": 84971922501, "instrument_name": "BTC-17JAN25", "bids": [[99515.0, 1470.0], [99512.5, 4900.0], [99510.0, 2940.0], [99507.5, 8070.0], [99505.0, 10030.0], [99502.5, 13000.0], [99497.5, 1470.0], [99495.0, 6850.0], [99492.5, 6500.0], [99490.0, 3000.0], [99487.5, 10000.0], [99485.0, 25590.0], [99482.5, 79580.0], [99480.0, 3190.0], [99475.0, 120.0], [99472.5, 1950.0], [99470.0, 6500.0], [99465.0, 1970.0], [99460.0, 6550.0], [99452.5, 1950.0]], "asks": [[99520.0, 9780.0], [99522.5, 6000.0], [99525.0, 20950.0], [99527.5, 3170.0], [99530.0, 1950.0], [99532.5, 6500.0], [99535.0, 15010.0], [99537.5, 50000.0], [99540.0, 1970.0], [99542.5, 6500.0], [99552.5, 1950.0], [99555.0, 6500.0], [99560.0, 13270.0], [99562.5, 46280.0], [99565.0, 11950.0], [99567.5, 6500.0], [99570.0, 3170.0], [99575.0, 2560.0], [99577.5, 6500.0], [99580.0, 20.0]]}}}
{"jsonrpc": "2.0", "method": "subscription", "params": {"channel": "book.BTC-24JAN25.none.20.100ms", "data": {"timestamp": 1736957566040, "change_id": 84971922369, "instrument_name": "BTC-24JAN25", "bids": [[99797.5, 8780.0], [99795.0, 21000.0], [99777.5, 980.0], [99775.0, 3280.0], [99772.5, 600.0], [99770.0, 3530.0], [99767.5, 5500.0], [99760.0, 20.0], [99757.5, 1650.0], [99755.0, 5500.0], [99750.0, 6960.0], [99747.5, 16550.0], [99745.0, 5500.0], [99740.0, 1470.0], [99735.0, 5500.0], [99725.0, 4810.0], [99722.5, 16530.0], [99720.0, 30.0], [99710.0, 1650.0], [99705.0, 5500.0]], "asks": [[99800.0, 230.0], [99820.0, 50.0], [99827.5, 980.0], [99830.0, 3280.0], [99840.0, 30.0], [99842.5, 1650.0], [99845.0, 5500.0], [99855.0, 21590.0], [99857.5, 50000.0], [99860.0, 21980.0], [99865.0, 1650.0], [99870.0, 5500.0], [99872.5, 3280.0], [99880.0, 1680.0], [99882.5, 5500.0], [99885.0, 7170.0], [99887.5, 25160.0], [99890.0, 1650.0], [99892.5, 5500.0], [99895.0, 4090.0]]}}}
{"jsonrpc": "2.0", "method": "subscription", "params": {"channel": "book.BTC-17JAN25.none.20.100ms", "data": {"timestamp": 1736957566344, "change_id": 84971923081, "instrument_name": "BTC-17JAN25", "bids": [[99517.5, 200.0], [99515.0, 1470.0], [99512.5, 4900.0], [99510.0, 2940.0], [99507.5, 8070.0], [99505.0, 10030.0], [99502.5, 13000.0], [99497.5, 1470.0], [99495.0, 6850.0], [99492.5, 6500.0], [99490.0, 3000.0], [99487.5, 10000.0], [99485.0, 960.0], [99480.0, 3190.0], [99475.0, 120.0], [99472.5, 1950.0], [99470.0, 6500.0], [99465.0, 1970.0], [99460.0, 6520.0], [99452.5, 1950.0]], "asks": [[99520.0, 9780.0], [99522.5, 6000.0], [99525.0, 20000.0], [99527.5, 3170.0], [99530.0, 1950.0], [99532.5, 6500.0], [99535.0, 15010.0], [99537.5, 50000.0], [99540.0, 5140.0], [99542.5, 6500.0], [99550.0, 4950.0], [99552.5, 10120.0], [99555.0, 6500.0], [99560.0, 13270.0], [99562.5, 46160.0], [99565.0, 1950.0], [99567.5, 6500.0], [99575.0, 2560.0], [99577.5, 6500.0], [99580.0, 20.0]]}}}
{"jsonrpc": "2.0", "method": "subscription", "params": {"channel": "book.BTC-24JAN25.none.20.100ms", "data": {"timestamp": 1736957566417, "change_id": 84971923044, "instrument_name": "BTC-24JAN25", "bids": [[99797.5, 8780.0], [99795.0, 21000.0], [99780.0, 24930.0], [99777.5, 79820.0], [99775.0, 3280.0], [99772.5, 600.0], [99770.0, 3530.0], [99767.5, 5500.0], [99760.0, 20.0], [99757.5, 1650.0], [99755.0, 5500.0], [99750.0, 6960.0], [99747.5, 16550.0], [99745.0, 5500.0], [99740.0, 1470.0], [99735.0, 5500.0], [99725.0, 4810.0], [99722.5, 16530.0], [99720.0, 30.0], [99710.0, 1650.0]], "asks": [[99800.0, 230.0], [99820.0, 50.0], [99827.5, 980.0], [99830.0, 3280.0], [99840.0, 30.0], [99842.5, 1650.0], [99845.0, 5500.0], [99855.0, 21590.0], [99857.5, 50000.0], [99860.0, 21980.0], [99865.0, 1650.0], [99870.0, 5500.0], [99872.5, 3280.0], [99877.5, 10000.0], [99880.0, 1680.0], [99882.5, 5500.0], [99885.0, 3000.0], [99887.5, 15160.0], [99890.0, 1650.0], [99892.5, 5500.0]]}}}
{"jsonrpc": "2.0", "method": "subscription", "params": {"channel": "book.BTC-17JAN25.none.20.100ms", "data": {"timestamp": 1736957566747, "change_id": 84971923464, "instrument_name": "BTC-17JAN25", "bids": [[99517.5, 200.0], [99515.0, 1470.0], [99512.5, 4900.0], [99510.0, 2940.0], [99507.5, 8070.0], [99505.0, 32040.0], [99502.5, 13000.0], [99500.0, 79600.0], [99497.5, 1470.0], [99495.0, 6850.0], [99492.5, 6500.0], [99490.0, 3000.0], [99487.5, 10000.0], [99485.0, 960.0], [99480.0, 3190.0], [99475.0, 120.0], [99472.5, 1950.0], [99470.0, 6500.0], [99465.0, 1970.0], [99460.0, 6520.0]], "asks": [[99520.0, 14680.0], [99522.5, 6000.0], [99525.0, 20000.0], [99527.5, 3170.0], [99530.0, 1950.0], [99532.5, 6500.0], [99535.0, 15010.0], [99537.5, 50000.0], [99540.0, 5140.0], [99542.5, 6500.0], [99550.0, 4950.0], [99552.5, 10120.0], [99555.0, 6500.0], [99560.0, 13270.0], [99562.5, 46160.0], [99565.0, 1950.0], [99567.5, 6500.0], [99575.0, 2560.0], [99577.5, 6500.0], [99580.0, 20.0]]}}}
{"jsonrpc": "2.0", "method": "subscription", "params": {"channel": "book.BTC-17JAN25.none.20.100ms", "data": {"timestamp": 1736957567078, "change_id": 84971925425, "instrument_name": "BTC-17JAN25", "bids": [[99527.5, 12870.0], [99525.0, 8320.0], [99522.5, 11400.0], [99520.0, 6380.0], [99517.5, 21270.0], [99505.0, 27140.0], [99502.5, 6500.0], [99500.0, 79620.0], [99495.0, 1950.0], [99492.5, 6500.0], [99490.0, 3000.0], [99487.5, 10000.0], [99485.0, 1080.0], [99480.0, 3190.0], [99472.5, 1950.0], [99470.0, 6500.0], [99465.0, 1970.0], [99460.0, 6520.0], [99452.5, 1950.0], [99450.0, 6500.0]], "asks": [[99532.5, 6010.0], [99537.5, 20000.0], [99540.0, 970.0], [99542.5, 3170.0], [99545.0, 15000.0], [99547.5, 50000.0], [99550.0, 4950.0], [99552.5, 10000.0], [99555.0, 6500.0], [99560.0, 13270.0], [99562.5, 46160.0], [99565.0, 1950.0], [99567.5, 6500.0], [99570.0, 3170.0], [99575.0, 2560.0], [99577.5, 6500.0], [99580.0, 20.0], [99582.5, 1490.0], [99585.0, 6930.0], [99587.5, 6500.0]]}}}
{"jsonrpc": "2.0", "method": "subscription", "params": {"channel": "book.BTC-24JAN25.none.20.100ms", "data": {"timestamp": 1736957567048, "change_id": 84971925446, "instrument_name": "BTC-24JAN25", "bids": [[99817.5, 3280.0], [99815.0, 15500.0], [99807.5, 3090.0], [99805.0, 11000.0], [99800.0, 1650.0], [99795.0, 5500.0], [99780.0, 24950.0], [99777.5, 79820.0], [99775.0, 3280.0], [99772.5, 600.0], [99770.0, 3530.0], [99767.5, 5500.0], [99760.0, 20.0], [99757.5, 1650.0], [99755.0, 5500.0], [99750.0, 6960.0], [99747.5, 16550.0], [99745.0, 5500.0], [99740.0, 1470.0], [99735.0, 5500.0]], "asks": [[99820.0, 50.0], [99827.5, 35000.0], [99840.0, 30.0], [99842.5, 51650.0], [99845.0, 5500.0], [99857.5, 1660.0], [99860.0, 5530.0], [99865.0, 1650.0], [99870.0, 21360.0], [99872.5, 3280.0], [99875.0, 3010.0], [99877.5, 10000.0], [99880.0, 1680.0], [99882.5, 5500.0], [99885.0, 8980.0], [99887.5, 31190.0], [99890.0, 1650.0], [99892.5, 5500.0], [99895.0, 4090.0], [99897.5, 13610.0]]}}}
{"jsonrpc": "2.0", "method": "subscription", "params": {"channel": "book.BTC-17JAN25.none.20.100ms", "data": {"timestamp": 1736957567297, "change_id": 84971926901, "instrument_name": "BTC-17JAN25", "bids": [[99527.5, 13640.0], [99525.0, 11490.0], [99522.5, 11400.0], [99520.0, 3480.0], [99517.5, 11600.0], [99505.0, 1960.0], [99502.5, 6500.0], [99500.0, 20.0], [99495.0, 2070.0], [99492.5, 6500.0], [99490.0, 3000.0], [99487.5, 10000.0], [99485.0, 960.0], [99480.0, 3190.0], [99472.5, 1950.0], [99470.0, 6500.0], [99465.0, 1970.0], [99460.0, 6520.0], [99452.5, 1950.0], [99450.0, 6500.0]], "asks": [[99532.5, 9010.0], [99537.5, 20000.0], [99540.0, 970.0], [99542.5, 3170.0], [99545.0, 15000.0], [99550.0, 54950.0], [99555.0, 6500.0], [99557.5, 120.0], [99560.0, 20.0], [99565.0, 2690.0], [99567.5, 6500.0], [99570.0, 3170.0], [99575.0, 2560.0], [99577.5, 6500.0], [99580.0, 20.0], [99582.5, 1490.0], [99585.0, 6930.0], [99587.5, 8500.0], [99595.0, 14960.0], [99597.5, 6500.0]]}}}
{"jsonrpc": "2.0", "method": "subscription", "params": {"channel": "book.BTC-24JAN25.none.20.100ms", "data": {"timestamp": 1736957567292, "change_id": 84971926595, "instrument_name": "BTC-24JAN25", "bids": [[99817.5, 3280.0], [99815.0, 15500.0], [99807.5, 3090.0], [99805.0, 11000.0], [99800.0, 1650.0], [99795.0, 7500.0], [99780.0, 24950.0], [99777.5, 79820.0], [99775.0, 3280.0], [99770.0, 1530.0], [99767.5, 5500.0], [99760.0, 20.0], [99757.5, 1650.0], [99755.0, 5500.0], [99750.0, 6960.0], [99747.5, 16550.0], [99745.0, 5500.0], [99740.0, 1470.0], [99735.0, 5500.0], [99725.0, 4810.0]], "asks": [[99820.0, 250.0], [99827.5, 35000.0], [99837.5, 1660.0], [99840.0, 6310.0], [99845.0, 3280.0], [99857.5, 1660.0], [99860.0, 5530.0], [99865.0, 16440.0], [99870.0, 56480.0], [99872.5, 3280.0], [99875.0, 3010.0], [99877.5, 10000.0], [99880.0, 1680.0], [99882.5, 5500.0], [99885.0, 8980.0], [99887.5, 31190.0], [99890.0, 1650.0], [99892.5, 5500.0], [99895.0, 4090.0], [99897.5, 13610.0]]}}}
{"jsonrpc": "2.0", "method": "subscription", "params": {"channel": "book.BTC-17JAN25.none.20.100ms", "data": {"timestamp": 1736957567604, "change_id": 84971927497, "instrument_name": "BTC-17JAN25", "bids": [[99527.5, 12870.0], [99525.0, 6850.0], [99522.5, 6500.0], [99520.0, 26930.0], [99517.5, 9870.0], [99515.0, 79610.0], [99505.0, 4710.0], [99502.5, 16500.0], [99500.0, 20.0], [99495.0, 2070.0], [99492.5, 6500.0], [99485.0, 960.0], [99480.0, 3190.0], [99472.5, 1950.0], [99470.0, 6500.0], [99465.0, 1970.0], [99460.0, 6520.0], [99452.5, 1950.0], [99450.0, 6500.0], [99447.5, 4460.0]], "asks": [[99530.0, 7350.0], [99532.5, 10910.0], [99537.5, 20000.0], [99540.0, 970.0], [99542.5, 3170.0], [99545.0, 15000.0], [99550.0, 54950.0], [99555.0, 6500.0], [99557.5, 3130.0], [99560.0, 10020.0], [99565.0, 2690.0], [99567.5, 6500.0], [99570.0, 3170.0], [99575.0, 2560.0], [99577.5, 6500.0], [99580.0, 20.0], [99582.5, 1490.0], [99585.0, 6930.0], [99587.5, 8500.0], [99595.0, 14960.0]]}}}
{"jsonrpc": "2.0", "method": "subscription", "params": {"channel": "book.BTC-24JAN25.none.20.100ms", "data": {"timestamp": 1736957567668, "change_id": 84971927512, "instrument_name": "BTC-24JAN25", "bids": [[99817.5, 3280.0], [99815.0, 15500.0], [99807.5, 3090.0], [99805.0, 11000.0], [99800.0, 1650.0], [99795.0, 7500.0], [99780.0, 1000.0], [99775.0, 3280.0], [99770.0, 1530.0], [99767.5, 5500.0], [99760.0, 20.0], [99757.5, 1650.0], [99755.0, 5500.0], [99750.0, 6960.0], [99747.5, 16550.0], [99745.0, 5500.0], [99740.0, 1470.0], [99735.0, 5500.0], [99725.0, 4810.0], [99722.5, 16530.0]], "asks": [[99820.0, 250.0], [99827.5, 35000.0], [99835.0, 16660.0], [99837.5, 50000.0], [99840.0, 6310.0], [99845.0, 3280.0], [99857.5, 1660.0], [99860.0, 5530.0], [99865.0, 1650.0], [99870.0, 6480.0], [99872.5, 3280.0], [99875.0, 3010.0], [99877.5, 10000.0], [99880.0, 1680.0], [99882.5, 5500.0], [99885.0, 8980.0], [99887.5, 31190.0], [99890.0, 1650.0], [99892.5, 5500.0], [99895.0, 4090.0]]}}}
{"jsonrpc": "2.0", "method": "subscription", "params": {"channel": "book.BTC-17JAN25.none.20.100ms", "data": {"timestamp": 1736957568054, "change_id": 84971927922, "instrument_name": "BTC-17JAN25", "bids": [[99527.5, 12870.0], [99525.0, 6850.0], [99522.5, 6500.0], [99520.0, 3480.0], [99517.5, 9870.0], [99505.0, 4710.0], [99502.5, 16500.0], [99500.0, 20.0], [99495.0, 2070.0], [99492.5, 6500.0], [99485.0, 960.0], [99480.0, 3190.0], [99472.5, 1950.0], [99470.0, 6500.0], [99465.0, 1970.0], [99460.0, 6520.0], [99452.5, 1950.0], [99450.0, 6500.0], [99447.5, 4460.0], [99445.0, 30250.0]], "asks": [[99530.0, 7350.0], [99532.5, 10910.0], [99537.5, 20000.0], [99540.0, 970.0], [99542.5, 3170.0], [99545.0, 15000.0], [99550.0, 54950.0], [99555.0, 6500.0], [99557.5, 3130.0], [99560.0, 10020.0], [99565.0, 2690.0], [99567.5, 6500.0], [99570.0, 3170.0], [99575.0, 2560.0], [99577.5, 6500.0], [99580.0, 20.0], [99582.5, 1490.0], [99585.0, 6930.0], [99587.5, 8500.0], [99595.0, 14960.0]]}}}
{"jsonrpc": "2.0", "method": "subscription", "params": {"channel": "book.BTC-24JAN25.none.20.100ms", "data": {"timestamp": 1736957568055, "change_id": 84971927825, "instrument_name": "BTC-24JAN25", "bids": [[99817.5, 3280.0], [99815.0, 15500.0], [99807.5, 3090.0], [99805.0, 11000.0], [99800.0, 25990.0], [99795.0, 87330.0], [99780.0, 1000.0], [99775.0, 3280.0], [99770.0, 1530.0], [99767.5, 5500.0], [99760.0, 20.0], [99757.5, 1650.0], [99755.0, 5500.0], [99750.0, 6960.0], [99747.5, 16550.0], [99745.0, 5500.0], [99740.0, 1470.0], [99735.0, 5500.0], [99725.0, 4810.0], [99722.5, 16530.0]], "asks": [[99820.0, 250.0], [99827.5, 35000.0], [99835.0, 16660.0], [99837.5, 50000.0], [99840.0, 6310.0], [99845.0, 3280.0], [99857.5, 1660.0], [99860.0, 5530.0], [99865.0, 1650.0], [99870.0, 6480.0], [99872.5, 3280.0], [99875.0, 3010.0], [99877.5, 10000.0], [99880.0, 1680.0], [99882.5, 5500.0], [99885.0, 8980.0], [99887.5, 31190.0], [99890.0, 1650.0], [99892.5, 5500.0], [99895.0, 4090.0]]}}}
{"jsonrpc": "2.0", "method": "subscription", "params": {"channel": "book.BTC-17JAN25.none.20.100ms", "data": {"timestamp": 1736957568392, "change_id": 84971928252, "instrument_name": "BTC-17JAN25", "bids": [[99527.5, 12870.0], [99525.0, 6850.0], [99522.5, 6500.0], [99520.0, 26410.0], [99517.5, 9870.0], [99515.0, 79610.0], [99505.0, 4710.0], [99502.5, 16500.0], [99500.0, 20.0], [99495.0, 2070.0], [99492.5, 6500.0], [99485.0, 960.0], [99480.0, 3190.0], [99472.5, 1950.0], [99470.0, 6500.0], [99465.0, 1970.0], [99460.0, 6520.0], [99452.5, 1950.0], [99450.0, 6500.0], [99447.5, 4460.0]], "asks": [[99530.0, 7350.0], [99532.5, 10910.0], [99540.0, 20970.0], [99542.5, 3170.0], [99545.0, 15000.0], [99550.0, 54950.0], [99555.0, 6500.0], [99557.5, 3130.0], [99560.0, 10020.0], [99565.0, 2690.0], [99567.5, 6500.0], [99570.0, 3170.0], [99575.0, 2560.0], [99577.5, 6500.0], [99580.0, 20.0], [99582.5, 1490.0], [99585.0, 6930.0], [99587.5, 8500.0], [99595.0, 14960.0], [99597.5, 6500.0]]}}}
{"jsonrpc": "2.0", "method": "subscription", "params": {"channel": "book.BTC-24JAN25.none.20.100ms", "data": {"timestamp": 1736957568245, "change_id": 84971928094, "instrument_name": "BTC-24JAN25", "bids": [[99817.5, 3280.0], [99815.0, 15500.0], [99807.5, 3090.0], [99805.0, 11000.0], [99800.0, 25990.0], [99795.0, 87330.0], [99780.0, 1000.0], [99775.0, 3280.0], [99770.0, 1530.0], [99767.5, 5500.0], [99760.0, 30.0], [99757.5, 1650.0], [99755.0, 5500.0], [99750.0, 6960.0], [99747.5, 16550.0], [99745.0, 5500.0], [99740.0, 1470.0], [99735.0, 5500.0], [99725.0, 4810.0], [99722.5, 16530.0]], "asks": [[99820.0, 250.0], [99827.5, 35000.0], [99835.0, 16660.0], [99837.5, 50000.0], [99840.0, 6310.0], [99845.0, 3280.0], [99857.5, 1660.0], [99860.0, 5530.0], [99865.0, 1650.0], [99870.0, 6480.0], [99872.5, 3280.0], [99875.0, 3010.0], [99877.5, 10000.0], [99880.0, 1680.0], [99882.5, 5500.0], [99885.0, 8980.0], [99887.5, 31190.0], [99890.0, 1650.0], [99892.5, 5500.0], [99895.0, 4090.0]]}}}
{"jsonrpc": "2.0", "method": "subscription", "params": {"channel": "book.BTC-17JAN25.none.20.100ms", "data": {"timestamp": 1736957568733, "change_id": 84971928631, "instrument_name": "BTC-17JAN25", "bids": [[99520.0, 32910.0], [99517.5, 3370.0], [99515.0, 79610.0], [99505.0, 4710.0], [99502.5, 16500.0], [99500.0, 20.0], [99495.0, 2070.0], [99492.5, 6500.0], [99485.0, 960.0], [99480.0, 3190.0], [99472.5, 1950.0], [99470.0, 6500.0], [99465.0, 1970.0], [99460.0, 6520.0], [99452.5, 1950.0], [99450.0, 6500.0], [99447.5, 4460.0], [99445.0, 30250.0], [99440.0, 52160.0], [99435.0, 1950.0]], "asks": [[99525.0, 18390.0], [99527.5, 11400.0], [99530.0, 12870.0], [99532.5, 4900.0], [99535.0, 7960.0], [99537.5, 20000.0], [99540.0, 7470.0], [99542.5, 3170.0], [99545.0, 15000.0], [99550.0, 64950.0], [99555.0, 6500.0], [99557.5, 120.0], [99560.0, 20.0], [99565.0, 2690.0], [99567.5, 6500.0], [99570.0, 3170.0], [99575.0, 2560.0], [99577.5, 6500.0], [99580.0, 20.0], [99582.5, 1490.0]]}}}
{"jsonrpc": "2.0", "method": "subscription", "params": {"channel": "book.BTC-24JAN25.none.20.100ms", "data": {"timestamp": 1736957568650, "change_id": 84971928510, "instrument_name": "BTC-24JAN25", "bids": [[99817.5, 3280.0], [99815.0, 10000.0], [99807.5, 3090.0], [99805.0, 11000.0], [99800.0, 25990.0], [99795.0, 87330.0], [99780.0, 1010.0], [99775.0, 3280.0], [99770.0, 1530.0], [99767.5, 5500.0], [99760.0, 30.0], [99757.5, 1650.0], [99755.0, 5500.0], [99750.0, 6960.0], [99747.5, 16550.0], [99745.0, 5500.0], [99740.0, 1470.0], [99735.0, 5500.0], [99725.0, 4810.0], [99722.5, 16530.0]], "asks": [[99820.0, 250.0], [99825.0, 10500.0], [99827.5, 35000.0], [99835.0, 16660.0], [99837.5, 50000.0], [99840.0, 6310.0], [99845.0, 3280.0], [99857.5, 1660.0], [99860.0, 5530.0], [99865.0, 1650.0], [99870.0, 6480.0], [99872.5, 3280.0], [99875.0, 3010.0], [99877.5, 10000.0], [99880.0, 1680.0], [99882.5, 5500.0], [99885.0, 8980.0], [99887.5, 31190.0], [99890.0, 1650.0], [99892.5, 5500.0]]}}}
{"jsonrpc": "2.0", "method": "subscription", "params": {"channel": "book.BTC-17JAN25.none.20.100ms", "data": {"timestamp": 1736957568898, "change_id": 84971929249, "instrument_name": "BTC-17JAN25", "bids": [[99522.5, 11400.0], [99520.0, 26410.0], [99517.5, 200.0], [99515.0, 81560.0], [99512.5, 9670.0], [99505.0, 4710.0], [99502.5, 16500.0], [99500.0, 20.0], [99495.0, 2070.0], [99492.5, 6500.0], [99485.0, 960.0], [99480.0, 3190.0], [99472.5, 1950.0], [99470.0, 6500.0], [99465.0, 1970.0], [99460.0, 6520.0], [99452.5, 1950.0], [99450.0, 6500.0], [99447.5, 4460.0], [99445.0, 30250.0]], "asks": [[99525.0, 11030.0], [99527.5, 7840.0], [99530.0, 4900.0], [99532.5, 4900.0], [99535.0, 25130.0], [99537.5, 70000.0], [99540.0, 7470.0], [99547.5, 3000.0], [99550.0, 10000.0], [99552.5, 1950.0], [99555.0, 6500.0], [99560.0, 20.0], [99565.0, 2690.0], [99567.5, 6500.0], [99570.0, 3170.0], [99575.0, 2560.0], [99577.5, 6500.0], [99580.0, 140.0], [99582.5, 1490.0], [99585.0, 6930.0]]}}}
{"jsonrpc": "2.0", "method": "subscription", "params": {"channel": "book.BTC-24JAN25.none.20.100ms", "data": {"timestamp": 1736957569062, "change_id": 84971929398, "instrument_name": "BTC-24JAN25", "bids": [[99815.0, 16480.0], [99812.5, 3280.0], [99807.5, 1650.0], [99805.0, 5500.0], [99800.0, 25990.0], [99795.0, 87330.0], [99780.0, 1010.0], [99775.0, 3280.0], [99770.0, 1530.0], [99767.5, 5500.0], [99760.0, 30.0], [99757.5, 1650.0], [99755.0, 5500.0], [99750.0, 6960.0], [99747.5, 16550.0], [99745.0, 5500.0], [99740.0, 1470.0], [99735.0, 5500.0], [99725.0, 4810.0], [99722.5, 16530.0]], "asks": [[99820.0, 250.0], [99825.0, 10500.0], [99827.5, 35000.0], [99835.0, 16660.0], [99837.5, 53280.0], [99840.0, 6310.0], [99857.5, 1660.0], [99860.0, 5530.0], [99865.0, 4440.0], [99867.5, 10000.0], [99870.0, 6480.0], [99872.5, 3280.0], [99880.0, 1680.0], [99882.5, 5500.0], [99885.0, 8980.0], [99887.5, 31190.0], [99890.0, 1650.0], [99892.5, 5500.0], [99900.0, 1680.0], [99902.5, 5500.0]]}}}
{"jsonrpc": "2.0", "method": "subscription", "params": {"channel": "book.BTC-17JAN25.none.20.100ms", "data": {"timestamp": 1736957569339, "change_id": 84971929925, "instrument_name": "BTC-17JAN25", "bids": [[99525.0, 14820.0], [99522.5, 11400.0], [99520.0, 29580.0], [99517.5, 200.0], [99515.0, 81560.0], [99512.5, 6500.0], [99505.0, 4710.0], [99502.5, 16500.0], [99500.0, 20.0], [99495.0, 2070.0], [99492.5, 6500.0], [99485.0, 960.0], [99480.0, 3190.0], [99472.5, 1950.0], [99470.0, 6500.0], [99465.0, 1970.0], [99460.0, 6520.0], [99452.5, 1950.0], [99450.0, 6500.0], [99447.5, 4460.0]], "asks": [[99530.0, 3630.0], [99532.5, 4900.0], [99535.0, 25130.0], [99537.5, 70000.0], [99540.0, 6520.0], [99547.5, 3000.0], [99550.0, 10000.0], [99552.5, 1950.0], [99555.0, 6500.0], [99560.0, 20.0], [99565.0, 2690.0], [99567.5, 6500.0], [99570.0, 3170.0], [99575.0, 2560.0], [99577.5, 6500.0], [99580.0, 140.0], [99582.5, 1490.0], [99585.0, 6930.0], [99587.5, 8500.0], [99595.0, 14960.0]]}}}
{"jsonrpc": "2.0", "method": "subscription", "params": {"channel": "book.BTC-24JAN25.none.20.100ms", "data": {"timestamp": 1736957569221, "change_id": 84971929725, "instrument_name": "BTC-24JAN25", "bids": [[99815.0, 16480.0], [99812.5, 3280.0], [99807.5, 1650.0], [99805.0, 5500.0], [99800.0, 1650.0], [99795.0, 7500.0], [99780.0, 1010.0], [99775.0, 3280.0], [99770.0, 1530.0], [99767.5, 5500.0], [99760.0, 30.0], [99757.5, 1650.0], [99755.0, 5500.0], [99750.0, 6960.0], [99747.5, 16550.0], [99745.0, 5500.0], [99740.0, 1470.0], [99735.0, 5500.0], [99725.0, 4810.0], [99722.5, 16530.0]], "asks": [[99820.0, 250.0], [99827.5, 35000.0], [99835.0, 16660.0], [99837.5, 53280.0], [99840.0, 30.0], [99857.5, 1660.0], [99860.0, 5530.0], [99865.0, 4440.0], [99867.5, 10000.0], [99870.0, 6480.0], [99872.5, 3280.0], [99880.0, 1680.0], [99882.5, 5500.0], [99885.0, 8980.0], [99887.5, 31190.0], [99890.0, 1650.0], [99892.5, 5500.0], [99900.0, 1680.0], [99902.5, 5500.0], [99910.0, 1650.0]]}}}
{"jsonrpc": "2.0", "method": "subscription", "params": {"channel": "book.BTC-17JAN25.none.20.100ms", "data": {"timestamp": 1736957569723, "change_id": 84971930609, "instrument_name": "BTC-17JAN25", "bids": [[99535.0, 10360.0], [99532.5, 11400.0], [99530.0, 7840.0], [99527.5, 4900.0], [99525.0, 8970.0], [99522.5, 11400.0], [99520.0, 29580.0], [99517.5, 200.0], [99515.0, 81560.0], [99512.5, 6500.0], [99505.0, 4710.0], [99502.5, 16500.0], [99500.0, 20.0], [99495.0, 2070.0], [99492.5, 6500.0], [99485.0, 960.0], [99480.0, 3190.0], [99472.5, 1950.0], [99470.0, 6500.0], [99465.0, 1970.0]], "asks": [[99540.0, 9030.0], [99542.5, 20000.0], [99545.0, 3000.0], [99550.0, 26950.0], [99552.5, 50000.0], [99555.0, 6500.0], [99560.0, 20.0], [99565.0, 2690.0], [99567.5, 6620.0], [99570.0, 3170.0], [99575.0, 2560.0], [99577.5, 6500.0], [99580.0, 20.0], [99582.5, 1490.0], [99585.0, 6930.0], [99587.5, 8500.0], [99595.0, 14960.0], [99597.5, 6500.0], [99600.0, 44180.0], [99605.0, 1950.0]]}}}
{"jsonrpc": "2.0", "method": "subscription", "params": {"channel": "book.BTC-24JAN25.none.20.100ms", "data": {"timestamp": 1736957569677, "change_id": 84971930495, "instrument_name": "BTC-24JAN25", "bids": [[99815.0, 21980.0], [99812.5, 3280.0], [99807.5, 1650.0], [99805.0, 5500.0], [99800.0, 1650.0], [99795.0, 7500.0], [99792.5, 23950.0], [99790.0, 79830.0], [99780.0, 1010.0], [99775.0, 3280.0], [99770.0, 1530.0], [99767.5, 5500.0], [99760.0, 30.0], [99757.5, 1650.0], [99755.0, 5500.0], [99750.0, 6960.0], [99747.5, 16550.0], [99745.0, 5500.0], [99740.0, 1470.0], [99735.0, 5500.0]], "asks": [[99820.0, 250.0], [99827.5, 35000.0], [99840.0, 30.0], [99847.5, 1650.0], [99850.0, 5500.0], [99857.5, 1660.0], [99860.0, 20530.0], [99862.5, 50000.0], [99865.0, 4440.0], [99867.5, 10000.0], [99870.0, 6480.0], [99872.5, 3280.0], [99880.0, 1680.0], [99882.5, 5500.0], [99885.0, 4170.0], [99887.5, 15160.0], [99890.0, 1650.0], [99892.5, 5500.0], [99895.0, 4960.0], [99897.5, 16490.0]]}}}
{"jsonrpc": "2.0", "method": "subscription", "params": {"channel": "book.BTC-17JAN25.none.20.100ms", "data": {"timestamp": 1736957570054, "change_id": 84971931057, "instrument_name": "BTC-17JAN25", "bids": [[99532.5, 12870.0], [99530.0, 6370.0], [99527.5, 4900.0], [99525.0, 2420.0], [99522.5, 6500.0], [99520.0, 29580.0], [99517.5, 200.0], [99515.0, 81560.0], [99512.5, 6500.0], [99505.0, 4710.0], [99502.5, 16500.0], [99500.0, 20.0], [99495.0, 2070.0], [99492.5, 6500.0], [99485.0, 960.0], [99480.0, 3190.0], [99472.5, 1950.0], [99470.0, 6500.0], [99465.0, 1970.0], [99460.0, 6520.0]], "asks": [[99537.5, 41060.0], [99540.0, 6520.0], [99545.0, 3170.0], [99550.0, 16950.0], [99552.5, 50000.0], [99555.0, 6500.0], [99560.0, 20.0], [99565.0, 2690.0], [99567.5, 6620.0], [99570.0, 3170.0], [99575.0, 2560.0], [99577.5, 6500.0], [99580.0, 20.0], [99582.5, 1490.0], [99585.0, 6930.0], [99587.5, 8500.0], [99595.0, 14960.0], [99597.5, 6500.0], [99600.0, 44180.0], [99605.0, 1950.0]]}}}
{"jsonrpc": "2.0", "method": "subscription", "params": {"channel": "book.BTC-24JAN25.none.20.100ms", "data": {"timestamp": 1736957569784, "change_id": 84971930764, "instrument_name": "BTC-24JAN25", "bids": [[99815.0, 21980.0], [99812.5, 3280.0], [99807.5, 1650.0], [99805.0, 5500.0], [99800.0, 1650.0], [99795.0, 7500.0], [99792.5, 23950.0], [99790.0, 79830.0], [99780.0, 1010.0], [99775.0, 3280.0], [99770.0, 1530.0], [99767.5, 5500.0], [99760.0, 30.0], [99757.5, 1650.0], [99755.0, 5500.0], [99750.0, 6960.0], [99747.5, 16550.0], [99745.0, 5500.0], [99740.0, 1470.0], [99735.0, 5500.0]], "asks": [[99820.0, 250.0], [99827.5, 35000.0], [99840.0, 30.0], [99845.0, 2630.0], [99847.5, 3280.0], [99850.0, 5500.0], [99857.5, 1660.0], [99860.0, 20530.0], [99862.5, 50000.0], [99865.0, 4440.0], [99867.5, 10000.0], [99870.0, 6480.0], [99872.5, 3280.0], [99880.0, 1680.0], [99882.5, 5500.0], [99885.0, 4170.0], [99887.5, 15160.0], [99890.0, 1650.0], [99892.5, 5500.0], [99895.0, 4960.0]]}}}
{"jsonrpc": "2.0", "method": "subscription", "params": {"channel": "book.BTC-17JAN25.none.20.100ms", "data": {"timestamp": 1736957570315, "change_id": 84971931402, "instrument_name": "BTC-17JAN25", "bids": [[99535.0, 4900.0], [99532.5, 11400.0], [99525.0, 2420.0], [99522.5, 6500.0], [99520.0, 29580.0], [99517.5, 200.0], [99515.0, 81560.0], [99512.5, 6500.0], [99505.0, 4710.0], [99502.5, 16500.0], [99500.0, 20.0], [99495.0, 2070.0], [99492.5, 6500.0], [99485.0, 960.0], [99480.0, 3190.0], [99472.5, 1950.0], [99470.0, 6500.0], [99465.0, 1970.0], [99460.0, 6520.0], [99452.5, 1950.0]], "asks": [[99537.5, 47560.0], [99540.0, 6520.0], [99542.5, 950.0], [99545.0, 3170.0], [99550.0, 16950.0], [99552.5, 50000.0], [99555.0, 6620.0], [99560.0, 20.0], [99565.0, 2690.0], [99567.5, 6500.0], [99570.0, 3170.0], [99575.0, 2560.0], [99577.5, 6500.0], [99580.0, 20.0], [99582.5, 1490.0], [99585.0, 6930.0], [99587.5, 8500.0], [99595.0, 14960.0], [99597.5, 6500.0], [99600.0, 44180.0]]}}}
{"jsonrpc": "2.0", "method": "subscription", "params": {"channel": "book.BTC-17JAN25.none.20.100ms", "data": {"timestamp": 1736957570660, "change_id": 84971931818, "instrument_name": "BTC-17JAN25", "bids": [[99527.5, 6370.0], [99525.0, 7680.0], [99522.5, 6500.0], [99520.0, 3170.0], [99517.5, 200.0], [99515.0, 1950.0], [99512.5, 6500.0], [99505.0, 4710.0], [99502.5, 16500.0], [99500.0, 20.0], [99495.0, 2070.0], [99492.5, 6500.0], [99485.0, 960.0], [99480.0, 3190.0], [99472.5, 1950.0], [99470.0, 6500.0], [99465.0, 1970.0], [99460.0, 6520.0], [99452.5, 1950.0], [99450.0, 6500.0]], "asks": [[99532.5, 32350.0], [99535.0, 21400.0], [99537.5, 31400.0], [99540.0, 17920.0], [99542.5, 50000.0], [99545.0, 9670.0], [99552.5, 1990.0], [99555.0, 6620.0], [99560.0, 20.0], [99565.0, 2690.0], [99567.5, 6500.0], [99570.0, 3170.0], [99575.0, 2560.0], [99577.5, 6500.0], [99580.0, 20.0], [99582.5, 1490.0], [99585.0, 6930.0], [99587.5, 8500.0], [99595.0, 14960.0], [99597.5, 6500.0]]}}}
{"jsonrpc": "2.0", "method": "subscription", "params": {"channel": "book.BTC-24JAN25.none.20.100ms", "data": {"timestamp": 1736957570651, "change_id": 84971931804, "instrument_name": "BTC-24JAN25", "bids": [[99815.0, 16480.0], [99812.5, 3280.0], [99807.5, 1650.0], [99805.0, 5500.0], [99800.0, 1650.0], [99795.0, 7500.0], [99780.0, 1010.0], [99775.0, 3280.0], [99770.0, 1530.0], [99767.5, 5500.0], [99760.0, 30.0], [99757.5, 1650.0], [99755.0, 5500.0], [99750.0, 6960.0], [99747.5, 16550.0], [99745.0, 5500.0], [99740.0, 1470.0], [99735.0, 5500.0], [99725.0, 4810.0], [99722.5, 16530.0]], "asks": [[99820.0, 250.0], [99827.5, 35000.0], [99837.5, 1660.0], [99840.0, 5530.0], [99845.0, 17310.0], [99847.5, 53280.0], [99850.0, 5500.0], [99857.5, 1660.0], [99860.0, 5530.0], [99865.0, 4440.0], [99867.5, 10000.0], [99870.0, 6480.0], [99872.5, 3280.0], [99880.0, 1680.0], [99882.5, 5500.0], [99885.0, 4170.0], [99887.5, 15160.0], [99890.0, 1650.0], [99892.5, 5500.0], [99895.0, 4960.0]]}}}
{"jsonrpc": "2.0", "method": "subscription", "params": {"channel": "book.BTC-17JAN25.none.20.100ms", "data": {"timestamp": 1736957571035, "change_id": 84971932381, "instrument_name": "BTC-17JAN25", "bids": [[99527.5, 11400.0], [99525.0, 26440.0], [99522.5, 86110.0], [99520.0, 3170.0], [99517.5, 200.0], [99515.0, 1950.0], [99512.5, 6500.0], [99505.0, 4710.0], [99502.5, 16500.0], [99500.0, 20.0], [99495.0, 2070.0], [99492.5, 6500.0], [99485.0, 960.0], [99480.0, 3190.0], [99472.5, 1950.0], [99470.0, 6500.0], [99465.0, 1970.0], [99460.0, 6520.0], [99452.5, 1950.0], [99450.0, 6500.0]], "asks": [[99532.5, 7350.0], [99535.0, 39330.0], [99537.5, 74900.0], [99540.0, 20.0], [99542.5, 2900.0], [99545.0, 9670.0], [99552.5, 1990.0], [99555.0, 6620.0], [99560.0, 20.0], [99565.0, 2690.0], [99567.5, 6500.0], [99570.0, 3170.0], [99575.0, 2560.0], [99577.5, 6500.0], [99580.0, 20.0], [99582.5, 1490.0], [99585.0, 6930.0], [99587.5, 8500.0], [99595.0, 14960.0], [99597.5, 6500.0]]}}}
{"jsonrpc": "2.0", "method": "subscription", "params": {"channel": "book.BTC-24JAN25.none.20.100ms", "data": {"timestamp": 1736957570887, "change_id": 84971932384, "instrument_name": "BTC-24JAN25", "bids": [[99815.0, 16480.0], [99812.5, 3280.0], [99807.5, 1650.0], [99805.0, 5500.0], [99800.0, 25990.0], [99797.5, 79830.0], [99795.0, 7500.0], [99780.0, 1010.0], [99775.0, 3280.0], [99770.0, 1530.0], [99767.5, 5500.0], [99760.0, 30.0], [99757.5, 1650.0], [99755.0, 5500.0], [99750.0, 6960.0], [99747.5, 16550.0], [99745.0, 5500.0], [99740.0, 1470.0], [99735.0, 5500.0], [99725.0, 4810.0]], "asks": [[99820.0, 250.0], [99827.5, 35000.0], [99840.0, 30.0], [99845.0, 17310.0], [99847.5, 53280.0], [99850.0, 5500.0], [99857.5, 1660.0], [99860.0, 5530.0], [99865.0, 4440.0], [99867.5, 10000.0], [99870.0, 6480.0], [99872.5, 3280.0], [99880.0, 1680.0], [99882.5, 5500.0], [99885.0, 4170.0], [99887.5, 15160.0], [99890.0, 1650.0], [99892.5, 5500.0], [99895.0, 4960.0], [99897.5, 16490.0]]}}}
{"jsonrpc": "2.0", "method": "subscription", "params": {"channel": "book.BTC-17JAN25.none.20.100ms", "data": {"timestamp": 1736957571314, "change_id": 84971932654, "instrument_name": "BTC-17JAN25", "bids": [[99527.5, 11400.0], [99525.0, 2900.0], [99522.5, 6500.0], [99520.0, 3170.0], [99517.5, 200.0], [99515.0, 1950.0], [99512.5, 6500.0], [99505.0, 4710.0], [99502.5, 16500.0], [99500.0, 20.0], [99495.0, 2070.0], [99492.5, 6500.0], [99485.0, 960.0], [99480.0, 3190.0], [99472.5, 1950.0], [99470.0, 6500.0], [99465.0, 1970.0], [99460.0, 6520.0], [99452.5, 1950.0], [99450.0, 6500.0]], "asks": [[99532.5, 7350.0], [99535.0, 29330.0], [99537.5, 74900.0], [99540.0, 20.0], [99542.5, 2900.0], [99545.0, 12670.0], [99547.5, 10000.0], [99552.5, 1990.0], [99555.0, 6620.0], [99560.0, 20.0], [99565.0, 2690.0], [99567.5, 6500.0], [99570.0, 3170.0], [99575.0, 2560.0], [99577.5, 6500.0], [99580.0, 20.0], [99582.5, 1490.0], [99585.0, 6930.0], [99587.5, 8500.0], [99595.0, 14960.0]]}}}
{"jsonrpc": "2.0", "method": "subscription", "params": {"channel": "book.BTC-24JAN25.none.20.100ms", "data": {"timestamp": 1736957571231, "change_id": 84971932591, "instrument_name": "BTC-24JAN25", "bids": [[99815.0, 16480.0], [99812.5, 3280.0], [99807.5, 1650.0], [99805.0, 5500.0], [99800.0, 25990.0], [99797.5, 79830.0], [99795.0, 7500.0], [99780.0, 1010.0], [99775.0, 3280.0], [99770.0, 1530.0], [99767.5, 5500.0], [99760.0, 30.0], [99757.5, 1650.0], [99755.0, 5500.0], [99750.0, 6960.0], [99747.5, 16550.0], [99745.0, 5500.0], [99740.0, 1470.0], [99735.0, 5500.0], [99725.0, 4810.0]], "asks": [[99820.0, 250.0], [99827.5, 35000.0], [99837.5, 1660.0], [99840.0, 5530.0], [99845.0, 17310.0], [99847.5, 53280.0], [99850.0, 5500.0], [99857.5, 1660.0], [99860.0, 5530.0], [99865.0, 4440.0], [99867.5, 10000.0], [99870.0, 6480.0], [99872.5, 3280.0], [99880.0, 1680.0], [99882.5, 5500.0], [99885.0, 4170.0], [99887.5, 15160.0], [99890.0, 1650.0], [99892.5, 5500.0], [99895.0, 4960.0]]}}}
{"jsonrpc": "2.0", "method": "subscription", "params": {"channel": "book.BTC-17JAN25.none.20.100ms", "data": {"timestamp": 1736957571560, "change_id": 84971932814, "instrument_name": "BTC-17JAN25", "bids": [[99530.0, 11400.0], [99527.5, 11400.0], [99525.0, 950.0], [99520.0, 3170.0], [99517.5, 200.0], [99515.0, 1950.0], [99512.5, 6500.0], [99505.0, 4710.0], [99502.5, 16500.0], [99500.0, 20.0], [99495.0, 2070.0], [99492.5, 6500.0], [99485.0, 960.0], [99480.0, 3190.0], [99472.5, 1950.0], [99470.0, 6500.0], [99465.0, 1970.0], [99460.0, 6520.0], [99452.5, 1950.0], [99450.0, 6500.0]], "asks": [[99532.5, 7350.0], [99535.0, 29330.0], [99537.5, 74900.0], [99540.0, 20.0], [99542.5, 2900.0], [99545.0, 12670.0], [99547.5, 10000.0], [99552.5, 1990.0], [99555.0, 6620.0], [99560.0, 20.0], [99565.0, 2690.0], [99567.5, 6500.0], [99570.0, 3170.0], [99575.0, 2560.0], [99577.5, 6500.0], [99580.0, 20.0], [99582.5, 1490.0], [99585.0, 6930.0], [99587.5, 8500.0], [99595.0, 14960.0]]}}}
{"jsonrpc": "2.0", "method": "subscription", "params": {"channel": "book.BTC-17JAN25.none.20.100ms", "data": {"timestamp": 1736957572022, "change_id": 84971933114, "instrument_name": "BTC-17JAN25", "bids": [[99530.0, 11400.0], [99527.5, 11400.0], [99525.0, 24720.0], [99520.0, 82780.0], [99517.5, 200.0], [99515.0, 1950.0], [99512.5, 6500.0], [99505.0, 4710.0], [99502.5, 16500.0], [99500.0, 20.0], [99495.0, 2070.0], [99492.5, 6500.0], [99485.0, 960.0], [99480.0, 3190.0], [99472.5, 1950.0], [99470.0, 6500.0], [99465.0, 1970.0], [99460.0, 6520.0], [99452.5, 1950.0], [99450.0, 6500.0]], "asks": [[99532.5, 7350.0], [99535.0, 29330.0], [99537.5, 74900.0], [99540.0, 20.0], [99542.5, 2900.0], [99545.0, 12670.0], [99547.5, 10000.0], [99552.5, 1990.0], [99555.0, 6620.0], [99560.0, 20.0], [99565.0, 2690.0], [99567.5, 6500.0], [99570.0, 3170.0], [99575.0, 2560.0], [99577.5, 6500.0], [99580.0, 20.0], [99582.5, 1490.0], [99585.0, 6930.0], [99587.5, 8500.0], [99595.0, 14960.0]]}}}
{"jsonrpc": "2.0", "method": "subscription", "params": {"channel": "book.BTC-17JAN25.none.20.100ms", "data": {"timestamp": 1736957572325, "change_id": 84971933275, "instrument_name": "BTC-17JAN25", "bids": [[99530.0, 4900.0], [99527.5, 11400.0], [99525.0, 24720.0], [99520.0, 82780.0], [99517.5, 200.0], [99515.0, 1950.0], [99512.5, 6500.0], [99505.0, 4710.0], [99502.5, 16500.0], [99500.0, 20.0], [99495.0, 2070.0], [99492.5, 6500.0], [99485.0, 960.0], [99480.0, 3190.0], [99472.5, 1950.0], [99470.0, 6500.0], [99465.0, 1970.0], [99460.0, 6520.0], [99452.5, 1950.0], [99450.0, 6500.0]], "asks": [[99532.5, 23850.0], [99535.0, 29330.0], [99537.5, 74900.0], [99540.0, 20.0], [99542.5, 2900.0], [99545.0, 9670.0], [99552.5, 1990.0], [99555.0, 6620.0], [99560.0, 20.0], [99565.0, 2690.0], [99567.5, 6500.0], [99570.0, 3170.0], [99575.0, 2560.0], [99577.5, 6500.0], [99580.0, 20.0], [99582.5, 1490.0], [99585.0, 6930.0], [99587.5, 8500.0], [99595.0, 14960.0], [99597.5, 6500.0]]}}}
{"jsonrpc": "2.0", "method": "subscription", "params": {"channel": "book.BTC-24JAN25.none.20.100ms", "data": {"timestamp": 1736957572083, "change_id": 84971933262, "instrument_name": "BTC-24JAN25", "bids": [[99815.0, 16480.0], [99812.5, 3280.0], [99807.5, 1650.0], [99805.0, 5500.0], [99800.0, 25990.0], [99797.5, 79830.0], [99795.0, 7500.0], [99780.0, 1010.0], [99775.0, 3280.0], [99770.0, 1530.0], [99767.5, 5500.0], [99760.0, 30.0], [99757.5, 1650.0], [99755.0, 5500.0], [99750.0, 6960.0], [99747.5, 16550.0], [99745.0, 5500.0], [99740.0, 1470.0], [99735.0, 5500.0], [99725.0, 4810.0]], "asks": [[99820.0, 250.0], [99827.5, 35000.0], [99837.5, 1660.0], [99840.0, 5530.0], [99845.0, 17310.0], [99847.5, 53280.0], [99850.0, 5500.0], [99857.5, 1660.0], [99860.0, 5530.0], [99865.0, 4440.0], [99867.5, 10000.0], [99870.0, 6480.0], [99872.5, 3280.0], [99880.0, 1680.0], [99882.5, 5500.0], [99885.0, 4170.0], [99887.5, 15160.0], [99890.0, 1650.0], [99892.5, 5500.0], [99895.0, 4960.0]]}}}
{"jsonrpc": "2.0", "method": "subscription", "params": {"channel": "book.BTC-17JAN25.none.20.100ms", "data": {"timestamp": 1736957572704, "change_id": 84971933581, "instrument_name": "BTC-17JAN25", "bids": [[99530.0, 11400.0], [99527.5, 11400.0], [99525.0, 24720.0], [99520.0, 82780.0], [99517.5, 200.0], [99515.0, 1950.0], [99512.5, 6500.0], [99505.0, 4710.0], [99502.5, 16500.0], [99500.0, 20.0], [99495.0, 2070.0], [99492.5, 6500.0], [99485.0, 960.0], [99480.0, 3190.0], [99472.5, 1950.0], [99470.0, 6500.0], [99465.0, 1970.0], [99460.0, 6520.0], [99452.5, 1950.0], [99450.0, 6500.0]], "asks": [[99535.0, 29330.0], [99537.5, 74900.0], [99540.0, 20.0], [99542.5, 950.0], [99545.0, 6170.0], [99547.5, 10000.0], [99552.5, 1990.0], [99555.0, 6620.0], [99560.0, 20.0], [99565.0, 2690.0], [99567.5, 6500.0], [99570.0, 3170.0], [99575.0, 2560.0], [99577.5, 6500.0], [99580.0, 20.0], [99582.5, 1490.0], [99585.0, 6930.0], [99587.5, 8500.0], [99595.0, 14960.0], [99597.5, 6500.0]]}}}
{"jsonrpc": "2.0", "method": "subscription", "params": {"channel": "book.BTC-24JAN25.none.20.100ms", "data": {"timestamp": 1736957572483, "change_id": 84971933383, "instrument_name": "BTC-24JAN25", "bids": [[99815.0, 16480.0], [99812.5, 3280.0], [99807.5, 1650.0], [99805.0, 5500.0], [99800.0, 25990.0], [99797.5, 79830.0], [99795.0, 7500.0], [99780.0, 1010.0], [99775.0, 3280.0], [99770.0, 1530.0], [99767.5, 5500.0], [99760.0, 30.0], [99757.5, 1650.0], [99755.0, 5500.0], [99750.0, 6960.0], [99747.5, 16550.0], [99745.0, 5500.0], [99740.0, 1470.0], [99735.0, 5500.0], [99725.0, 4810.0]], "asks": [[99820.0, 250.0], [99827.5, 35000.0], [99840.0, 30.0], [99845.0, 17310.0], [99847.5, 53280.0], [99850.0, 5500.0], [99857.5, 1660.0], [99860.0, 5530.0], [99865.0, 4440.0], [99867.5, 10000.0], [99870.0, 6480.0], [99872.5, 3280.0], [99880.0, 1680.0], [99882.5, 5500.0], [99885.0, 4170.0], [99887.5, 15160.0], [99890.0, 1650.0], [99892.5, 5500.0], [99895.0, 4960.0], [99897.5, 16490.0]]}}}
{"jsonrpc": "2.0", "method": "subscription", "params": {"channel": "book.BTC-17JAN25.none.20.100ms", "data": {"timestamp": 1736957573007, "change_id": 84971933785, "instrument_name": "BTC-17JAN25", "bids": [[99532.5, 11400.0], [99530.0, 12870.0], [99527.5, 4900.0], [99525.0, 24720.0], [99522.5, 6500.0], [99520.0, 82780.0], [99517.5, 200.0], [99515.0, 1950.0], [99512.5, 6500.0], [99505.0, 4710.0], [99502.5, 16500.0], [99500.0, 20.0], [99495.0, 2070.0], [99492.5, 6500.0], [99485.0, 960.0], [99480.0, 3190.0], [99472.5, 1950.0], [99470.0, 6500.0], [99465.0, 1970.0], [99460.0, 6520.0]], "asks": [[99535.0, 47350.0], [99537.5, 4900.0], [99540.0, 20.0], [99542.5, 2780.0], [99545.0, 9670.0], [99550.0, 16990.0], [99552.5, 50000.0], [99555.0, 6620.0], [99560.0, 20.0], [99565.0, 2690.0], [99567.5, 6500.0], [99570.0, 3170.0], [99575.0, 2560.0], [99577.5, 6500.0], [99580.0, 20.0], [99582.5, 1490.0], [99585.0, 6930.0], [99587.5, 8500.0], [99595.0, 14960.0], [99597.5, 6500.0]]}}}
{"jsonrpc": "2.0", "method": "subscription", "params": {"channel": "book.BTC-24JAN25.none.20.100ms", "data": {"timestamp": 1736957572831, "change_id": 84971933685, "instrument_name": "BTC-24JAN25", "bids": [[99815.0, 16480.0], [99812.5, 3280.0], [99807.5, 1650.0], [99805.0, 5500.0], [99800.0, 25990.0], [99797.5, 79830.0], [99795.0, 7500.0], [99780.0, 1010.0], [99775.0, 3280.0], [99770.0, 1530.0], [99767.5, 5500.0], [99760.0, 30.0], [99757.5, 1650.0], [99755.0, 5500.0], [99750.0, 6960.0], [99747.5, 16550.0], [99745.0, 5500.0], [99740.0, 1470.0], [99735.0, 5500.0], [99725.0, 4810.0]], "asks": [[99820.0, 250.0], [99827.5, 35000.0], [99837.5, 1660.0], [99840.0, 5530.0], [99845.0, 17310.0], [99847.5, 53280.0], [99850.0, 5500.0], [99857.5, 1660.0], [99860.0, 5530.0], [99865.0, 4440.0], [99867.5, 10000.0], [99870.0, 6480.0], [99872.5, 3280.0], [99880.0, 1680.0], [99882.5, 5500.0], [99885.0, 4170.0], [99887.5, 15160.0], [99890.0, 1650.0], [99892.5, 5500.0], [99895.0, 4960.0]]}}}
{"jsonrpc": "2.0", "method": "subscription", "params": {"channel": "book.BTC-17JAN25.none.20.100ms", "data": {"timestamp": 1736957573152, "change_id": 84971933877, "instrument_name": "BTC-17JAN25", "bids": [[99532.5, 11400.0], [99530.0, 12870.0], [99527.5, 4900.0], [99525.0, 24720.0], [99522.5, 6500.0], [99520.0, 82780.0], [99517.5, 200.0], [99515.0, 1950.0], [99512.5, 6500.0], [99505.0, 4710.0], [99502.5, 16500.0], [99500.0, 20.0], [99495.0, 2070.0], [99492.5, 6500.0], [99485.0, 960.0], [99480.0, 3190.0], [99472.5, 1950.0], [99470.0, 6500.0], [99465.0, 1970.0], [99460.0, 6520.0]], "asks": [[99535.0, 47350.0], [99537.5, 4900.0], [99540.0, 20.0], [99542.5, 2780.0], [99545.0, 9670.0], [99550.0, 16990.0], [99552.5, 50000.0], [99555.0, 6620.0], [99560.0, 20.0], [99565.0, 2690.0], [99567.5, 6500.0], [99570.0, 3170.0], [99575.0, 2560.0], [99577.5, 6500.0], [99580.0, 20.0], [99582.5, 1490.0], [99585.0, 6930.0], [99587.5, 8500.0], [99595.0, 14960.0], [99597.5, 6500.0]]}}}
{"jsonrpc": "2.0", "method": "subscription", "params": {"channel": "book.BTC-24JAN25.none.20.100ms", "data": {"timestamp": 1736957573278, "change_id": 84971933933, "instrument_name": "BTC-24JAN25", "bids": [[99815.0, 16480.0], [99812.5, 3280.0], [99807.5, 1650.0], [99805.0, 5500.0], [99800.0, 25990.0], [99797.5, 79830.0], [99795.0, 7500.0], [99780.0, 1010.0], [99775.0, 3280.0], [99770.0, 1530.0], [99767.5, 5500.0], [99760.0, 30.0], [99757.5, 1650.0], [99755.0, 5500.0], [99750.0, 6960.0], [99747.5, 16550.0], [99745.0, 5500.0], [99740.0, 1470.0], [99735.0, 5500.0], [99725.0, 6610.0]], "asks": [[99820.0, 250.0], [99827.5, 35000.0], [99840.0, 30.0], [99845.0, 17310.0], [99847.5, 53280.0], [99850.0, 5500.0], [99857.5, 1660.0], [99860.0, 5530.0], [99865.0, 4440.0], [99867.5, 10000.0], [99870.0, 6480.0], [99872.5, 3280.0], [99880.0, 1680.0], [99882.5, 5500.0], [99885.0, 4170.0], [99887.5, 15160.0], [99890.0, 1650.0], [99892.5, 5500.0], [99895.0, 4960.0], [99897.5, 16490.0]]}}}
{"jsonrpc": "2.0", "method": "subscription", "params": {"channel": "book.BTC-17JAN25.none.20.100ms", "data": {"timestamp": 1736957573535, "change_id": 84971934308, "instrument_name": "BTC-17JAN25", "bids": [[99532.5, 11400.0], [99530.0, 13640.0], [99527.5, 8070.0], [99525.0, 24720.0], [99522.5, 6500.0], [99520.0, 79610.0], [99517.5, 200.0], [99515.0, 1950.0], [99512.5, 6500.0], [99505.0, 4710.0], [99502.5, 16500.0], [99500.0, 20.0], [99495.0, 2070.0], [99492.5, 6500.0], [99485.0, 960.0], [99480.0, 3190.0], [99472.5, 1950.0], [99470.0, 6500.0], [99465.0, 1970.0], [99460.0, 6520.0]], "asks": [[99535.0, 42450.0], [99537.5, 4900.0], [99540.0, 20.0], [99542.5, 950.0], [99545.0, 3170.0], [99550.0, 16990.0], [99552.5, 50000.0], [99555.0, 6620.0], [99560.0, 20.0], [99565.0, 2690.0], [99567.5, 6500.0], [99570.0, 3170.0], [99575.0, 2560.0], [99577.5, 6500.0], [99580.0, 20.0], [99582.5, 1490.0], [99585.0, 6930.0], [99587.5, 8500.0], [99595.0, 14960.0], [99597.5, 6500.0]]}}}
{"jsonrpc": "2.0", "method": "subscription", "params": {"channel": "book.BTC-24JAN25.none.20.100ms", "data": {"timestamp": 1736957573694, "change_id": 84971934595, "instrument_name": "BTC-24JAN25", "bids": [[99815.0, 16480.0], [99812.5, 3280.0], [99807.5, 1650.0], [99805.0, 5500.0], [99800.0, 25990.0], [99797.5, 79830.0], [99795.0, 7500.0], [99780.0, 1010.0], [99775.0, 3280.0], [99770.0, 1530.0], [99767.5, 5500.0], [99760.0, 30.0], [99757.5, 1650.0], [99755.0, 5500.0], [99750.0, 6960.0], [99747.5, 16550.0], [99745.0, 5500.0], [99740.0, 1470.0], [99735.0, 5500.0], [99725.0, 6610.0]], "asks": [[99820.0, 250.0], [99827.5, 35000.0], [99840.0, 30.0], [99845.0, 17310.0], [99847.5, 53280.0], [99850.0, 5500.0], [99857.5, 1660.0], [99860.0, 5530.0], [99865.0, 4440.0], [99867.5, 10000.0], [99870.0, 6480.0], [99872.5, 3280.0], [99880.0, 1680.0], [99882.5, 5500.0], [99885.0, 4170.0], [99887.5, 15160.0], [99890.0, 1650.0], [99892.5, 5500.0], [99900.0, 1680.0], [99902.5, 5500.0]]}}}
{"jsonrpc": "2.0", "method": "subscription", "params": {"channel": "book.BTC-17JAN25.none.20.100ms", "data": {"timestamp": 1736957573981, "change_id": 84971935035, "instrument_name": "BTC-17JAN25", "bids": [[99535.0, 11400.0], [99532.5, 12870.0], [99530.0, 5670.0], [99527.5, 3170.0], [99525.0, 24720.0], [99522.5, 6500.0], [99520.0, 79610.0], [99517.5, 200.0], [99515.0, 1950.0], [99512.5, 6500.0], [99505.0, 4710.0], [99502.5, 16500.0], [99500.0, 20.0], [99495.0, 2070.0], [99492.5, 6500.0], [99485.0, 960.0], [99480.0, 3190.0], [99472.5, 1950.0], [99470.0, 6500.0], [99465.0, 1970.0]], "asks": [[99537.5, 37350.0], [99540.0, 20.0], [99542.5, 950.0], [99545.0, 6170.0], [99547.5, 10000.0], [99550.0, 16990.0], [99552.5, 50000.0], [99555.0, 6620.0], [99560.0, 20.0], [99565.0, 2690.0], [99567.5, 6500.0], [99570.0, 3170.0], [99575.0, 2560.0], [99577.5, 6500.0], [99580.0, 20.0], [99582.5, 1490.0], [99585.0, 6930.0], [99587.5, 8500.0], [99595.0, 14960.0], [99597.5, 6500.0]]}}}
{"jsonrpc": "2.0", "method": "subscription", "params": {"channel": "book.BTC-24JAN25.none.20.100ms", "data": {"timestamp": 1736957574025, "change_id": 84971935054, "instrument_name": "BTC-24JAN25", "bids": [[99815.0, 16480.0], [99812.5, 3280.0], [99810.0, 2630.0], [99807.5, 3280.0], [99805.0, 5500.0], [99800.0, 25990.0], [99797.5, 79830.0], [99795.0, 7500.0], [99780.0, 30.0], [99770.0, 1530.0], [99767.5, 5500.0], [99760.0, 30.0], [99757.5, 1650.0], [99755.0, 5500.0], [99750.0, 6960.0], [99747.5, 16550.0], [99745.0, 5500.0], [99740.0, 1470.0], [99735.0, 5500.0], [99725.0, 6610.0]], "asks": [[99820.0, 250.0], [99827.5, 35000.0], [99837.5, 1660.0], [99840.0, 5530.0], [99845.0, 17310.0], [99847.5, 53280.0], [99850.0, 5500.0], [99857.5, 1660.0], [99860.0, 5530.0], [99865.0, 4440.0], [99867.5, 10000.0], [99870.0, 6480.0], [99872.5, 3280.0], [99880.0, 1680.0], [99882.5, 5500.0], [99885.0, 4170.0], [99887.5, 15160.0], [99890.0, 1650.0], [99892.5, 5500.0], [99900.0, 1680.0]]}}}
{"jsonrpc": "2.0", "method": "subscription", "params": {"channel": "book.BTC-17JAN25.none.20.100ms", "data": {"timestamp": 1736957574328, "change_id": 84971935256, "instrument_name": "BTC-17JAN25", "bids": [[99532.5, 6500.0], [99530.0, 770.0], [99527.5, 3170.0], [99525.0, 24720.0], [99520.0, 79610.0], [99517.5, 200.0], [99515.0, 1950.0], [99512.5, 6500.0], [99505.0, 4710.0], [99502.5, 16500.0], [99500.0, 20.0], [99495.0, 2070.0], [99492.5, 6500.0], [99485.0, 960.0], [99480.0, 3190.0], [99472.5, 1950.0], [99470.0, 6500.0], [99465.0, 1970.0], [99460.0, 6520.0], [99452.5, 1950.0]], "asks": [[99537.5, 53850.0], [99540.0, 20.0], [99542.5, 950.0], [99545.0, 3170.0], [99550.0, 16990.0], [99552.5, 50000.0], [99555.0, 6620.0], [99560.0, 20.0], [99565.0, 2690.0], [99567.5, 6500.0], [99570.0, 3170.0], [99575.0, 2560.0], [99577.5, 6500.0], [99580.0, 20.0], [99582.5, 1490.0], [99585.0, 6930.0], [99587.5, 8500.0], [99595.0, 14960.0], [99597.5, 6500.0], [99600.0, 44180.0]]}}}
{"jsonrpc": "2.0", "method": "subscription", "params": {"channel": "book.BTC-24JAN25.none.20.100ms", "data": {"timestamp": 1736957574025, "change_id": 84971935055, "instrument_name": "BTC-24JAN25", "bids": [[99815.0, 16480.0], [99812.5, 3280.0], [99810.0, 2630.0], [99807.5, 3280.0], [99805.0, 5500.0], [99800.0, 25990.0], [99797.5, 79830.0], [99795.0, 7500.0], [99780.0, 30.0], [99770.0, 1530.0], [99767.5, 5500.0], [99760.0, 30.0], [99757.5, 1650.0], [99755.0, 5500.0], [99750.0, 6960.0], [99747.5, 16550.0], [99745.0, 5500.0], [99740.0, 1470.0], [99735.0, 5500.0], [99725.0, 6610.0]], "asks": [[99820.0, 250.0], [99827.5, 35000.0], [99837.5, 1660.0], [99840.0, 5530.0], [99845.0, 17310.0], [99847.5, 53280.0], [99850.0, 5500.0], [99857.5, 1660.0], [99860.0, 5530.0], [99865.0, 4440.0], [99867.5, 10000.0], [99870.0, 6480.0], [99872.5, 3280.0], [99880.0, 1680.0], [99882.5, 5500.0], [99885.0, 4170.0], [99887.5, 15160.0], [99890.0, 1650.0], [99892.5, 5500.0], [99900.0, 1680.0]]}}}
{"jsonrpc": "2.0", "method": "subscription", "params": {"channel": "book.BTC-17JAN25.none.20.100ms", "data": {"timestamp": 1736957574536, "change_id": 84971935532, "instrument_name": "BTC-17JAN25", "bids": [[99532.5, 11400.0], [99530.0, 770.0], [99527.5, 3170.0], [99525.0, 24720.0], [99522.5, 6500.0], [99520.0, 79610.0], [99517.5, 200.0], [99515.0, 1950.0], [99512.5, 6500.0], [99505.0, 4710.0], [99502.5, 16500.0], [99500.0, 20.0], [99495.0, 2070.0], [99492.5, 6500.0], [99485.0, 960.0], [99480.0, 3190.0], [99472.5, 1950.0], [99470.0, 6500.0], [99465.0, 1970.0], [99460.0, 6520.0]], "asks": [[99535.0, 14650.0], [99537.5, 41400.0], [99540.0, 20.0], [99542.5, 2780.0], [99545.0, 9670.0], [99550.0, 16990.0], [99552.5, 50000.0], [99555.0, 6620.0], [99560.0, 20.0], [99565.0, 2690.0], [99567.5, 6500.0], [99570.0, 3170.0], [99575.0, 2560.0], [99577.5, 6500.0], [99580.0, 20.0], [99582.5, 1490.0], [99585.0, 6930.0], [99587.5, 8500.0], [99595.0, 14960.0], [99597.5, 6500.0]]}}}
{"jsonrpc": "2.0", "method": "subscription", "params": {"channel": "book.BTC-17JAN25.none.20.100ms", "data": {"timestamp": 1736957574874, "change_id": 84971935760, "instrument_name": "BTC-17JAN25", "bids": [[99532.5, 4900.0], [99530.0, 770.0], [99527.5, 3170.0], [99525.0, 24720.0], [99522.5, 6500.0], [99520.0, 79610.0], [99517.5, 200.0], [99515.0, 1950.0], [99512.5, 6500.0], [99505.0, 4710.0], [99502.5, 16500.0], [99500.0, 20.0], [99495.0, 2070.0], [99492.5, 6500.0], [99485.0, 960.0], [99480.0, 3190.0], [99472.5, 1950.0], [99470.0, 6500.0], [99465.0, 1970.0], [99460.0, 6520.0]], "asks": [[99535.0, 24650.0], [99537.5, 31400.0], [99540.0, 20.0], [99542.5, 2780.0], [99545.0, 9670.0], [99550.0, 16990.0], [99552.5, 50000.0], [99555.0, 6620.0], [99560.0, 20.0], [99565.0, 2690.0], [99567.5, 6500.0], [99570.0, 3170.0], [99575.0, 2560.0], [99577.5, 6500.0], [99580.0, 20.0], [99582.5, 1490.0], [99585.0, 6930.0], [99587.5, 8500.0], [99595.0, 14960.0], [99597.5, 6500.0]]}}}
{"jsonrpc": "2.0", "method": "subscription", "params": {"channel": "book.BTC-17JAN25.none.20.100ms", "data": {"timestamp": 1736957575323, "change_id": 84971935946, "instrument_name": "BTC-17JAN25", "bids": [[99532.5, 11400.0], [99530.0, 770.0], [99527.5, 3170.0], [99525.0, 24720.0], [99522.5, 6500.0], [99520.0, 79610.0], [99517.5, 200.0], [99515.0, 1950.0], [99512.5, 6500.0], [99505.0, 4710.0], [99502.5, 16500.0], [99500.0, 20.0], [99495.0, 2070.0], [99492.5, 6500.0], [99485.0, 960.0], [99480.0, 3190.0], [99472.5, 1950.0], [99470.0, 6500.0], [99465.0, 1970.0], [99460.0, 6520.0]], "asks": [[99535.0, 8150.0], [99537.5, 24900.0], [99540.0, 20.0], [99542.5, 2780.0], [99545.0, 9670.0], [99547.5, 3000.0], [99550.0, 26990.0], [99552.5, 50000.0], [99555.0, 6620.0], [99560.0, 20.0], [99565.0, 2690.0], [99567.5, 6500.0], [99570.0, 3170.0], [99575.0, 2560.0], [99577.5, 6500.0], [99580.0, 20.0], [99582.5, 1490.0], [99585.0, 6930.0], [99587.5, 8500.0], [99595.0, 14960.0]]}}}
{"jsonrpc": "2.0", "method": "subscription", "params": {"channel": "book.BTC-17JAN25.none.20.100ms", "data": {"timestamp": 1736957575641, "change_id": 84971936109, "instrument_name": "BTC-17JAN25", "bids": [[99532.5, 4900.0], [99530.0, 5670.0], [99527.5, 3170.0], [99525.0, 24720.0], [99522.5, 6500.0], [99520.0, 79610.0], [99517.5, 200.0], [99515.0, 1950.0], [99512.5, 6500.0], [99505.0, 4710.0], [99502.5, 16500.0], [99500.0, 20.0], [99495.0, 2070.0], [99492.5, 6500.0], [99485.0, 960.0], [99480.0, 3190.0], [99472.5, 1950.0], [99470.0, 6500.0], [99465.0, 1970.0], [99460.0, 6520.0]], "asks": [[99535.0, 24650.0], [99537.5, 24900.0], [99540.0, 20.0], [99542.5, 2780.0], [99545.0, 9670.0], [99550.0, 16990.0], [99552.5, 50000.0], [99555.0, 6620.0], [99560.0, 20.0], [99565.0, 2690.0], [99567.5, 6500.0], [99570.0, 3170.0], [99575.0, 2560.0], [99577.5, 6500.0], [99580.0, 20.0], [99582.5, 1490.0], [99585.0, 6930.0], [99587.5, 8500.0], [99595.0, 14960.0], [99597.5, 6500.0]]}}}
{"jsonrpc": "2.0", "method": "subscription", "params": {"channel": "book.BTC-17JAN25.none.20.100ms", "data": {"timestamp": 1736957575688, "change_id": 84971936131, "instrument_name": "BTC-17JAN25", "bids": [[99532.5, 4900.0], [99530.0, 770.0], [99527.5, 3170.0], [99525.0, 24720.0], [99520.0, 79610.0], [99517.5, 200.0], [99515.0, 1950.0], [99512.5, 6500.0], [99505.0, 4710.0], [99502.5, 16500.0], [99500.0, 20.0], [99495.0, 2070.0], [99492.5, 6500.0], [99485.0, 960.0], [99480.0, 3190.0], [99472.5, 1950.0], [99470.0, 6500.0], [99465.0, 1970.0], [99460.0, 6520.0], [99452.5, 1950.0]], "asks": [[99535.0, 24650.0], [99537.5, 24900.0], [99540.0, 20.0], [99542.5, 2780.0], [99545.0, 9670.0], [99550.0, 16990.0], [99552.5, 50000.0], [99555.0, 6620.0], [99560.0, 20.0], [99565.0, 2690.0], [99567.5, 6500.0], [99570.0, 3170.0], [99575.0, 2560.0], [99577.5, 6500.0], [99580.0, 20.0], [99582.5, 1490.0], [99585.0, 6930.0], [99587.5, 8500.0], [99595.0, 14960.0], [99597.5, 6500.0]]}}}
{"jsonrpc": "2.0", "method": "subscription", "params": {"channel": "book.BTC-17JAN25.none.20.100ms", "data": {"timestamp": 1736957576110, "change_id": 84971936360, "instrument_name": "BTC-17JAN25", "bids": [[99532.5, 4900.0], [99530.0, 770.0], [99527.5, 3170.0], [99525.0, 24720.0], [99520.0, 79610.0], [99517.5, 200.0], [99515.0, 1950.0], [99512.5, 6500.0], [99505.0, 4710.0], [99502.5, 16500.0], [99500.0, 20.0], [99495.0, 2070.0], [99492.5, 6500.0], [99485.0, 960.0], [99480.0, 3190.0], [99472.5, 1950.0], [99470.0, 6500.0], [99465.0, 1970.0], [99460.0, 6520.0], [99452.5, 1950.0]], "asks": [[99535.0, 24650.0], [99537.5, 24900.0], [99540.0, 20.0], [99542.5, 2780.0], [99545.0, 9670.0], [99550.0, 16990.0], [99552.5, 50000.0], [99555.0, 6620.0], [99560.0, 20.0], [99565.0, 2690.0], [99567.5, 6500.0], [99570.0, 3170.0], [99575.0, 2560.0], [99577.5, 6500.0], [99580.0, 20.0], [99582.5, 1490.0], [99585.0, 6930.0], [99587.5, 8500.0], [99595.0, 14960.0], [99597.5, 6500.0]]}}}
{"jsonrpc": "2.0", "method": "subscription", "params": {"channel": "book.BTC-24JAN25.none.20.100ms", "data": {"timestamp": 1736957576110, "change_id": 84971936394, "instrument_name": "BTC-24JAN25", "bids": [[99815.0, 16480.0], [99812.5, 3280.0], [99810.0, 2630.0], [99807.5, 3280.0], [99805.0, 5500.0], [99800.0, 25990.0], [99797.5, 79830.0], [99795.0, 7500.0], [99780.0, 30.0], [99770.0, 1530.0], [99767.5, 5500.0], [99760.0, 30.0], [99757.5, 1650.0], [99755.0, 5500.0], [99750.0, 6960.0], [99747.5, 16550.0], [99745.0, 5500.0], [99740.0, 1470.0], [99735.0, 5500.0], [99725.0, 6610.0]], "asks": [[99820.0, 250.0], [99827.5, 35000.0], [99837.5, 1660.0], [99840.0, 5530.0], [99845.0, 17310.0], [99847.5, 53280.0], [99850.0, 5500.0], [99857.5, 1660.0], [99860.0, 5530.0], [99865.0, 4440.0], [99867.5, 10000.0], [99870.0, 6480.0], [99872.5, 3280.0], [99880.0, 1680.0], [99882.5, 5500.0], [99885.0, 4170.0], [99887.5, 15160.0], [99890.0, 1650.0], [99892.5, 5500.0], [99900.0, 1680.0]]}}}
{"jsonrpc": "2.0", "method": "subscription", "params": {"channel": "book.BTC-17JAN25.none.20.100ms", "data": {"timestamp": 1736957576638, "change_id": 84971936632, "instrument_name": "BTC-17JAN25", "bids": [[99527.5, 3170.0], [99525.0, 24720.0], [99520.0, 79610.0], [99517.5, 200.0], [99515.0, 1950.0], [99512.5, 6500.0], [99505.0, 4710.0], [99502.5, 16500.0], [99500.0, 20.0], [99495.0, 2070.0], [99492.5, 6500.0], [99485.0, 960.0], [99480.0, 3190.0], [99472.5, 1950.0], [99470.0, 6500.0], [99465.0, 1970.0], [99460.0, 6520.0], [99452.5, 1950.0], [99450.0, 6500.0], [99447.5, 14850.0]], "asks": [[99532.5, 51570.0], [99535.0, 41400.0], [99537.5, 54900.0], [99540.0, 20.0], [99542.5, 2900.0], [99545.0, 9670.0], [99552.5, 1990.0], [99555.0, 6620.0], [99560.0, 20.0], [99565.0, 2690.0], [99567.5, 6500.0], [99570.0, 3170.0], [99575.0, 2560.0], [99577.5, 6500.0], [99580.0, 20.0], [99582.5, 1490.0], [99585.0, 6930.0], [99587.5, 8500.0], [99595.0, 14960.0], [99597.5, 6500.0]]}}}
{"jsonrpc": "2.0", "method": "subscription", "params": {"channel": "book.BTC-17JAN25.none.20.100ms", "data": {"timestamp": 1736957576956, "change_id": 84971936846, "instrument_name": "BTC-17JAN25", "bids": [[99530.0, 11400.0], [99527.5, 9670.0], [99525.0, 24720.0], [99520.0, 79610.0], [99517.5, 200.0], [99515.0, 1950.0], [99512.5, 6500.0], [99505.0, 4710.0], [99502.5, 16500.0], [99500.0, 20.0], [99495.0, 2070.0], [99492.5, 6500.0], [99485.0, 960.0], [99480.0, 3190.0], [99472.5, 1950.0], [99470.0, 6500.0], [99465.0, 1970.0], [99460.0, 6520.0], [99452.5, 1950.0], [99450.0, 10960.0]], "asks": [[99532.5, 18030.0], [99535.0, 41380.0], [99537.5, 54900.0], [99540.0, 20.0], [99542.5, 2900.0], [99545.0, 12670.0], [99547.5, 10000.0], [99552.5, 1990.0], [99555.0, 6620.0], [99560.0, 20.0], [99565.0, 2690.0], [99567.5, 6500.0], [99570.0, 3170.0], [99575.0, 2560.0], [99577.5, 6500.0], [99580.0, 20.0], [99582.5, 1490.0], [99585.0, 6930.0], [99587.5, 8500.0], [99595.0, 14960.0]]}}}
{"jsonrpc": "2.0", "method": "subscription", "params": {"channel": "book.BTC-24JAN25.none.20.100ms", "data": {"timestamp": 1736957576808, "change_id": 84971936745, "instrument_name": "BTC-24JAN25", "bids": [[99815.0, 16480.0], [99812.5, 3280.0], [99810.0, 2630.0], [99807.5, 3280.0], [99805.0, 5500.0], [99800.0, 25990.0], [99797.5, 79830.0], [99795.0, 7500.0], [99780.0, 30.0], [99770.0, 1530.0], [99767.5, 5500.0], [99760.0, 30.0], [99757.5, 1650.0], [99755.0, 5500.0], [99750.0, 6960.0], [99747.5, 16550.0], [99745.0, 5500.0], [99740.0, 1470.0], [99735.0, 5500.0], [99725.0, 6610.0]], "asks": [[99820.0, 250.0], [99827.5, 35000.0], [99837.5, 1660.0], [99840.0, 5530.0], [99845.0, 17310.0], [99847.5, 53280.0], [99850.0, 5500.0], [99857.5, 1660.0], [99860.0, 5530.0], [99865.0, 4440.0], [99867.5, 10000.0], [99870.0, 6480.0], [99872.5, 3280.0], [99880.0, 1680.0], [99882.5, 5500.0], [99885.0, 4170.0], [99887.5, 15160.0], [99890.0, 1650.0], [99892.5, 5500.0], [99900.0, 1680.0]]}}}
{"jsonrpc": "2.0", "method": "subscription", "params": {"channel": "book.BTC-17JAN25.none.20.100ms", "data": {"timestamp": 1736957577316, "change_id": 84971937133, "instrument_name": "BTC-17JAN25", "bids": [[99530.0, 14300.0], [99527.5, 9670.0], [99525.0, 24720.0], [99520.0, 79610.0], [99517.5, 200.0], [99515.0, 1950.0], [99512.5, 6500.0], [99505.0, 4710.0], [99502.5, 16500.0], [99500.0, 20.0], [99495.0, 2070.0], [99492.5, 6500.0], [99485.0, 960.0], [99480.0, 3190.0], [99472.5, 1950.0], [99470.0, 6500.0], [99465.0, 1970.0], [99460.0, 6520.0], [99452.5, 1950.0], [99450.0, 10960.0]], "asks": [[99535.0, 47190.0], [99537.5, 15010.0], [99540.0, 52800.0], [99545.0, 12670.0], [99547.5, 10000.0], [99552.5, 1990.0], [99555.0, 6620.0], [99560.0, 20.0], [99565.0, 2690.0], [99567.5, 6500.0], [99570.0, 3170.0], [99575.0, 2560.0], [99577.5, 6500.0], [99580.0, 20.0], [99582.5, 1490.0], [99585.0, 6930.0], [99587.5, 8500.0], [99595.0, 14960.0], [99597.5, 6500.0], [99600.0, 44180.0]]}}}
{"jsonrpc": "2.0", "method": "subscription", "params": {"channel": "book.BTC-24JAN25.none.20.100ms", "data": {"timestamp": 1736957577118, "change_id": 84971937104, "instrument_name": "BTC-24JAN25", "bids": [[99815.0, 16480.0], [99812.5, 3280.0], [99810.0, 2630.0], [99807.5, 3280.0], [99805.0, 5500.0], [99800.0, 25990.0], [99797.5, 79830.0], [99795.0, 7500.0], [99780.0, 30.0], [99770.0, 1530.0], [99767.5, 5500.0], [99760.0, 30.0], [99757.5, 1650.0], [99755.0, 5500.0], [99750.0, 6960.0], [99747.5, 16550.0], [99745.0, 5500.0], [99740.0, 1470.0], [99735.0, 5500.0], [99725.0, 6610.0]], "asks": [[99820.0, 250.0], [99827.5, 35000.0], [99837.5, 1660.0], [99840.0, 5530.0], [99845.0, 17310.0], [99847.5, 53280.0], [99850.0, 5500.0], [99857.5, 1660.0], [99860.0, 5530.0], [99865.0, 4440.0], [99867.5, 10000.0], [99870.0, 6480.0], [99872.5, 3280.0], [99880.0, 1680.0], [99882.5, 5500.0], [99885.0, 4170.0], [99887.5, 15160.0], [99890.0, 1650.0], [99892.5, 5500.0], [99900.0, 1680.0]]}}}
{"jsonrpc": "2.0", "method": "subscription", "params": {"channel": "book.BTC-17JAN25.none.20.100ms", "data": {"timestamp": 1736957577657, "change_id": 84971937354, "instrument_name": "BTC-17JAN25", "bids": [[99530.0, 11400.0], [99527.5, 3170.0], [99525.0, 24720.0], [99520.0, 79610.0], [99517.5, 200.0], [99515.0, 1950.0], [99512.5, 6500.0], [99505.0, 4710.0], [99502.5, 16500.0], [99500.0, 20.0], [99495.0, 2070.0], [99492.5, 6500.0], [99485.0, 960.0], [99480.0, 3190.0], [99472.5, 1950.0], [99470.0, 6510.0], [99465.0, 1970.0], [99460.0, 6520.0], [99452.5, 1950.0], [99450.0, 10960.0]], "asks": [[99532.5, 5700.0], [99535.0, 20000.0], [99537.5, 15010.0], [99540.0, 52800.0], [99545.0, 12670.0], [99547.5, 10000.0], [99552.5, 1990.0], [99555.0, 6620.0], [99560.0, 20.0], [99565.0, 2690.0], [99567.5, 6500.0], [99570.0, 3170.0], [99575.0, 2560.0], [99577.5, 6500.0], [99580.0, 20.0], [99582.5, 1490.0], [99585.0, 6930.0], [99587.5, 8500.0], [99595.0, 14960.0], [99597.5, 6500.0]]}}}
{"jsonrpc": "2.0", "method": "subscription", "params": {"channel": "book.BTC-17JAN25.none.20.100ms", "data": {"timestamp": 1736957577735, "change_id": 84971937450, "instrument_name": "BTC-17JAN25", "bids": [[99532.5, 11400.0], [99530.0, 12350.0], [99527.5, 3170.0], [99525.0, 24720.0], [99522.5, 6500.0], [99520.0, 79610.0], [99517.5, 200.0], [99515.0, 1950.0], [99512.5, 6500.0], [99505.0, 4710.0], [99502.5, 16500.0], [99500.0, 20.0], [99495.0, 2070.0], [99492.5, 6500.0], [99485.0, 960.0], [99480.0, 3190.0], [99472.5, 1950.0], [99470.0, 6510.0], [99465.0, 1970.0], [99460.0, 6520.0]], "asks": [[99535.0, 30000.0], [99537.5, 15010.0], [99540.0, 20.0], [99545.0, 53170.0], [99547.5, 3000.0], [99550.0, 10000.0], [99552.5, 1990.0], [99555.0, 6620.0], [99560.0, 20.0], [99565.0, 2690.0], [99567.5, 6500.0], [99570.0, 3170.0], [99575.0, 2560.0], [99577.5, 6500.0], [99580.0, 20.0], [99582.5, 1490.0], [99585.0, 6930.0], [99587.5, 8500.0], [99595.0, 14960.0], [99597.5, 6500.0]]}}}
{"jsonrpc": "2.0", "method": "subscription", "params": {"channel": "book.BTC-24JAN25.none.20.100ms", "data": {"timestamp": 1736957577687, "change_id": 84971937396, "instrument_name": "BTC-24JAN25", "bids": [[99815.0, 16480.0], [99812.5, 3280.0], [99810.0, 2630.0], [99807.5, 3280.0], [99805.0, 5500.0], [99800.0, 25990.0], [99797.5, 79830.0], [99795.0, 7500.0], [99780.0, 30.0], [99770.0, 1530.0], [99767.5, 5500.0], [99760.0, 30.0], [99757.5, 1650.0], [99755.0, 5500.0], [99750.0, 6960.0], [99747.5, 16550.0], [99745.0, 5500.0], [99740.0, 1470.0], [99735.0, 5500.0], [99725.0, 6610.0]], "asks": [[99820.0, 250.0], [99827.5, 35000.0], [99840.0, 30.0], [99845.0, 17310.0], [99847.5, 53280.0], [99850.0, 5500.0], [99857.5, 1660.0], [99860.0, 5530.0], [99865.0, 4440.0], [99867.5, 10000.0], [99870.0, 6480.0], [99872.5, 3280.0], [99880.0, 1680.0], [99882.5, 5500.0], [99885.0, 4170.0], [99887.5, 15160.0], [99890.0, 1650.0], [99892.5, 5500.0], [99900.0, 1680.0], [99902.5, 5500.0]]}}}
{"jsonrpc": "2.0", "method": "subscription", "params": {"channel": "book.BTC-17JAN25.none.20.100ms", "data": {"timestamp": 1736957578272, "change_id": 84971937791, "instrument_name": "BTC-17JAN25", "bids": [[99532.5, 11400.0], [99530.0, 12350.0], [99527.5, 3170.0], [99525.0, 24720.0], [99522.5, 6500.0], [99520.0, 79610.0], [99517.5, 200.0], [99515.0, 1950.0], [99512.5, 6500.0], [99505.0, 4710.0], [99502.5, 16500.0], [99500.0, 20.0], [99495.0, 2070.0], [99492.5, 6500.0], [99485.0, 960.0], [99480.0, 3190.0], [99472.5, 1950.0], [99470.0, 6510.0], [99465.0, 1970.0], [99460.0, 6520.0]], "asks": [[99535.0, 30000.0], [99537.5, 15010.0], [99540.0, 20.0], [99545.0, 53170.0], [99547.5, 3000.0], [99550.0, 10000.0], [99552.5, 1990.0], [99555.0, 6620.0], [99560.0, 20.0], [99565.0, 2690.0], [99567.5, 6500.0], [99570.0, 3170.0], [99575.0, 2560.0], [99577.5, 6500.0], [99580.0, 20.0], [99582.5, 1490.0], [99585.0, 6930.0], [99587.5, 8500.0], [99595.0, 14960.0], [99597.5, 6500.0]]}}}
{"jsonrpc": "2.0", "method": "subscription", "params": {"channel": "book.BTC-24JAN25.none.20.100ms", "data": {"timestamp": 1736957578169, "change_id": 84971937737, "instrument_name": "BTC-24JAN25", "bids": [[99815.0, 16480.0], [99812.5, 3280.0], [99810.0, 2630.0], [99807.5, 3280.0], [99805.0, 5500.0], [99800.0, 25990.0], [99797.5, 79830.0], [99795.0, 7500.0], [99780.0, 30.0], [99770.0, 1530.0], [99767.5, 5500.0], [99760.0, 30.0], [99757.5, 1650.0], [99755.0, 5500.0], [99750.0, 6960.0], [99747.5, 16550.0], [99745.0, 5500.0], [99740.0, 1470.0], [99735.0, 5500.0], [99725.0, 13940.0]], "asks": [[99820.0, 250.0], [99827.5, 35000.0], [99840.0, 30.0], [99845.0, 17310.0], [99847.5, 53280.0], [99850.0, 5500.0], [99857.5, 1660.0], [99860.0, 5530.0], [99865.0, 4440.0], [99867.5, 10000.0], [99870.0, 6480.0], [99872.5, 3280.0], [99880.0, 1680.0], [99882.5, 5500.0], [99885.0, 4170.0], [99887.5, 15160.0], [99890.0, 1650.0], [99892.5, 5500.0], [99900.0, 1680.0], [99902.5, 5500.0]]}}}
{"jsonrpc": "2.0", "method": "subscription", "params": {"channel": "book.BTC-17JAN25.none.20.100ms", "data": {"timestamp": 1736957578479, "change_id": 84971937999, "instrument_name": "BTC-17JAN25", "bids": [[99532.5, 11400.0], [99530.0, 12350.0], [99527.5, 3170.0], [99525.0, 24720.0], [99522.5, 6500.0], [99520.0, 79610.0], [99517.5, 200.0], [99515.0, 1950.0], [99512.5, 6500.0], [99510.0, 3170.0], [99505.0, 4710.0], [99502.5, 16500.0], [99500.0, 20.0], [99495.0, 2070.0], [99492.5, 6500.0], [99480.0, 20.0], [99472.5, 1950.0], [99470.0, 6510.0], [99465.0, 1970.0], [99460.0, 6520.0]], "asks": [[99535.0, 34900.0], [99540.0, 20.0], [99542.5, 15950.0], [99545.0, 53170.0], [99547.5, 3000.0], [99550.0, 10000.0], [99552.5, 1990.0], [99555.0, 6620.0], [99560.0, 20.0], [99565.0, 2690.0], [99567.5, 6500.0], [99570.0, 3170.0], [99575.0, 2560.0], [99577.5, 6500.0], [99580.0, 20.0], [99582.5, 1490.0], [99585.0, 6930.0], [99587.5, 8500.0], [99595.0, 14960.0], [99597.5, 6500.0]]}}}
{"jsonrpc": "2.0", "method": "subscription", "params": {"channel": "book.BTC-24JAN25.none.20.100ms", "data": {"timestamp": 1736957578528, "change_id": 84971938026, "instrument_name": "BTC-24JAN25", "bids": [[99815.0, 16480.0], [99812.5, 3280.0], [99810.0, 2630.0], [99807.5, 3280.0], [99805.0, 5500.0], [99800.0, 25990.0], [99797.5, 79830.0], [99795.0, 7500.0], [99780.0, 30.0], [99770.0, 1530.0], [99767.5, 5500.0], [99760.0, 30.0], [99757.5, 1650.0], [99755.0, 5500.0], [99750.0, 6960.0], [99747.5, 16550.0], [99745.0, 5500.0], [99740.0, 1470.0], [99735.0, 5500.0], [99725.0, 13940.0]], "asks": [[99820.0, 250.0], [99827.5, 35000.0], [99837.5, 1660.0], [99840.0, 5530.0], [99845.0, 17310.0], [99847.5, 53280.0], [99850.0, 5500.0], [99857.5, 1660.0], [99860.0, 5530.0], [99865.0, 4440.0], [99867.5, 10000.0], [99870.0, 6480.0], [99872.5, 3280.0], [99880.0, 1680.0], [99882.5, 5500.0], [99885.0, 4170.0], [99887.5, 15160.0], [99890.0, 1650.0], [99892.5, 5500.0], [99900.0, 1680.0]]}}}
{"jsonrpc": "2.0", "method": "subscription", "params": {"channel": "book.BTC-17JAN25.none.20.100ms", "data": {"timestamp": 1736957578944, "change_id": 84971938362, "instrument_name": "BTC-17JAN25", "bids": [[99532.5, 4900.0], [99530.0, 12350.0], [99527.5, 3170.0], [99525.0, 24720.0], [99522.5, 6500.0], [99520.0, 79610.0], [99517.5, 200.0], [99515.0, 1950.0], [99512.5, 6500.0], [99510.0, 3170.0], [99505.0, 4710.0], [99502.5, 16500.0], [99500.0, 20.0], [99495.0, 2070.0], [99492.5, 6500.0], [99480.0, 20.0], [99472.5, 1950.0], [99470.0, 6510.0], [99465.0, 1970.0], [99460.0, 6520.0]], "asks": [[99535.0, 36500.0], [99540.0, 20.0], [99542.5, 15950.0], [99545.0, 53170.0], [99547.5, 3000.0], [99550.0, 10000.0], [99552.5, 1990.0], [99555.0, 6620.0], [99560.0, 20.0], [99565.0, 2690.0], [99567.5, 6500.0], [99570.0, 3170.0], [99575.0, 2560.0], [99577.5, 6500.0], [99580.0, 20.0], [99582.5, 1490.0], [99585.0, 6930.0], [99587.5, 8500.0], [99595.0, 14960.0], [99597.5, 6500.0]]}}}
{"jsonrpc": "2.0", "method": "subscription", "params": {"channel": "book.BTC-24JAN25.none.20.100ms", "data": {"timestamp": 1736957578923, "change_id": 84971938334, "instrument_name": "BTC-24JAN25", "bids": [[99815.0, 16480.0], [99812.5, 3280.0], [99810.0, 2630.0], [99807.5, 3280.0], [99805.0, 5500.0], [99800.0, 25990.0], [99797.5, 79830.0], [99795.0, 7500.0], [99780.0, 30.0], [99770.0, 1530.0], [99767.5, 5500.0], [99760.0, 30.0], [99757.5, 1650.0], [99755.0, 5500.0], [99750.0, 6960.0], [99747.5, 16550.0], [99745.0, 5500.0], [99740.0, 1470.0], [99735.0, 5500.0], [99725.0, 13940.0]], "asks": [[99820.0, 250.0], [99827.5, 35000.0], [99837.5, 1660.0], [99840.0, 5530.0], [99845.0, 17310.0], [99847.5, 53280.0], [99850.0, 5500.0], [99857.5, 1660.0], [99860.0, 5530.0], [99865.0, 4440.0], [99867.5, 10000.0], [99870.0, 6480.0], [99872.5, 3280.0], [99880.0, 1680.0], [99882.5, 5500.0], [99885.0, 4170.0], [99887.5, 15160.0], [99890.0, 1650.0], [99892.5, 5500.0], [99900.0, 1680.0]]}}}
{"jsonrpc": "2.0", "method": "subscription", "params": {"channel": "book.BTC-17JAN25.none.20.100ms", "data": {"timestamp": 1736957579273, "change_id": 84971938758, "instrument_name": "BTC-17JAN25", "bids": [[99532.5, 4900.0], [99530.0, 5850.0], [99527.5, 3170.0], [99525.0, 1830.0], [99522.5, 6500.0], [99517.5, 200.0], [99515.0, 1950.0], [99512.5, 6500.0], [99510.0, 3170.0], [99505.0, 4710.0], [99502.5, 16500.0], [99500.0, 20.0], [99495.0, 2070.0], [99492.5, 6500.0], [99480.0, 20.0], [99472.5, 1950.0], [99470.0, 6510.0], [99465.0, 1970.0], [99460.0, 6520.0], [99452.5, 1950.0]], "asks": [[99535.0, 36500.0], [99540.0, 20.0], [99542.5, 2780.0], [99545.0, 9670.0], [99547.5, 16590.0], [99550.0, 60000.0], [99552.5, 1990.0], [99555.0, 6620.0], [99560.0, 20.0], [99565.0, 2690.0], [99567.5, 6500.0], [99570.0, 3170.0], [99575.0, 2560.0], [99577.5, 6500.0], [99580.0, 20.0], [99582.5, 1490.0], [99585.0, 6930.0], [99587.5, 8500.0], [99595.0, 14960.0], [99597.5, 6500.0]]}}}
{"jsonrpc": "2.0", "method": "subscription", "params": {"channel": "book.BTC-24JAN25.none.20.100ms", "data": {"timestamp": 1736957579281, "change_id": 84971938769, "instrument_name": "BTC-24JAN25", "bids": [[99815.0, 16480.0], [99812.5, 3280.0], [99810.0, 2630.0], [99807.5, 3280.0], [99805.0, 5500.0], [99800.0, 1650.0], [99795.0, 7500.0], [99780.0, 30.0], [99770.0, 1530.0], [99767.5, 5500.0], [99760.0, 30.0], [99757.5, 1650.0], [99755.0, 5500.0], [99750.0, 6960.0], [99747.5, 16550.0], [99745.0, 5500.0], [99740.0, 1470.0], [99735.0, 5500.0], [99727.5, 2210.0], [99725.0, 13940.0]], "asks": [[99820.0, 250.0], [99827.5, 35000.0], [99837.5, 1660.0], [99840.0, 5530.0], [99845.0, 2630.0], [99847.5, 3280.0], [99850.0, 5500.0], [99855.0, 16660.0], [99857.5, 50000.0], [99860.0, 5530.0], [99865.0, 4440.0], [99867.5, 10000.0], [99870.0, 6480.0], [99872.5, 3280.0], [99880.0, 1680.0], [99882.5, 5500.0], [99885.0, 4170.0], [99887.5, 15160.0], [99890.0, 1650.0], [99892.5, 5500.0]]}}}
{"jsonrpc": "2.0", "method": "subscription", "params": {"channel": "book.BTC-17JAN25.none.20.100ms", "data": {"timestamp": 1736957579637, "change_id": 84971939062, "instrument_name": "BTC-17JAN25", "bids": [[99532.5, 11400.0], [99530.0, 5850.0], [99527.5, 3170.0], [99525.0, 23880.0], [99522.5, 79610.0], [99517.5, 200.0], [99515.0, 1950.0], [99512.5, 6500.0], [99510.0, 3170.0], [99505.0, 4710.0], [99502.5, 16500.0], [99500.0, 20.0], [99495.0, 2070.0], [99492.5, 6500.0], [99480.0, 20.0], [99472.5, 1950.0], [99470.0, 6510.0], [99465.0, 1970.0], [99460.0, 6520.0], [99452.5, 1950.0]], "asks": [[99535.0, 34700.0], [99540.0, 20.0], [99542.5, 950.0], [99545.0, 3170.0], [99547.5, 16590.0], [99550.0, 60000.0], [99552.5, 1990.0], [99555.0, 6620.0], [99560.0, 20.0], [99565.0, 2690.0], [99567.5, 6500.0], [99570.0, 3170.0], [99575.0, 2560.0], [99577.5, 6500.0], [99580.0, 20.0], [99582.5, 1490.0], [99585.0, 6930.0], [99587.5, 8500.0], [99595.0, 14960.0], [99597.5, 6500.0]]}}}
{"jsonrpc": "2.0", "method": "subscription", "params": {"channel": "book.BTC-24JAN25.none.20.100ms", "data": {"timestamp": 1736957579596, "change_id": 84971939005, "instrument_name": "BTC-24JAN25", "bids": [[99825.0, 18780.0], [99817.5, 1650.0], [99815.0, 5500.0], [99810.0, 2630.0], [99807.5, 3280.0], [99805.0, 5500.0], [99802.5, 23950.0], [99800.0, 81490.0], [99795.0, 7500.0], [99780.0, 30.0], [99770.0, 1530.0], [99767.5, 5500.0], [99760.0, 30.0], [99757.5, 1650.0], [99755.0, 5500.0], [99750.0, 6960.0], [99747.5, 16550.0], [99745.0, 5500.0], [99740.0, 1470.0], [99735.0, 5500.0]], "asks": [[99827.5, 35000.0], [99840.0, 30.0], [99845.0, 2630.0], [99847.5, 3280.0], [99850.0, 5500.0], [99855.0, 16660.0], [99857.5, 50000.0], [99860.0, 5530.0], [99865.0, 4440.0], [99867.5, 10000.0], [99870.0, 6480.0], [99872.5, 3280.0], [99880.0, 1680.0], [99882.5, 5500.0], [99885.0, 4170.0], [99887.5, 15160.0], [99890.0, 1650.0], [99892.5, 5500.0], [99900.0, 1680.0], [99902.5, 5500.0]]}}}
