{"jsonrpc": "2.0", "method": "subscription", "params": {"channel": "book.BTC-21MAR25.none.20.100ms", "data": {"timestamp": 1741569803206, "change_id": 91904492357, "instrument_name": "BTC-21MAR25", "bids": [[81035.0, 120.0], [81032.5, 10020.0], [81020.0, 30880.0], [81017.5, 50000.0], [81015.0, 62140.0], [81012.5, 5780.0], [81002.5, 7220.0], [81000.0, 25430.0], [80997.5, 4520.0], [80985.0, 1320.0], [80982.5, 4400.0], [80972.5, 1340.0], [80970.0, 4480.0], [80967.5, 20.0], [80952.5, 4490.0], [80950.0, 14970.0], [80917.5, 1340.0], [80915.0, 4470.0], [80907.5, 1350.0], [80905.0, 4490.0]], "asks": [[81040.0, 4480.0], [81042.5, 2800.0], [81045.0, 3640.0], [81047.5, 2800.0], [81050.0, 10190.0], [81052.5, 4500.0], [81055.0, 32030.0], [81057.5, 4510.0], [81060.0, 840.0], [81062.5, 2800.0], [81065.0, 1350.0], [81067.5, 4510.0], [81075.0, 4390.0], [81077.5, 14630.0], [81085.0, 1350.0], [81087.5, 4510.0], [81095.0, 1350.0], [81097.5, 4510.0], [81102.5, 7120.0], [81105.0, 23720.0]]}}}
{"jsonrpc": "2.0", "method": "subscription", "params": {"channel": "book.BTC-14MAR25.none.20.100ms", "data": {"timestamp": 1741569803708, "change_id": 91904493084, "instrument_name": "BTC-14MAR25", "bids": [[80955.0, 10.0], [80950.0, 1000.0], [80947.5, 4750.0], [80942.5, 120.0], [80940.0, 7730.0], [80937.5, 5780.0], [80935.0, 20000.0], [80927.5, 1410.0], [80925.0, 7690.0], [80922.5, 10000.0], [80917.5, 1430.0], [80915.0, 4760.0], [80910.0, 17950.0], [80907.5, 24120.0], [80905.0, 35710.0], [80897.5, 1410.0], [80895.0, 5290.0], [80892.5, 2000.0], [80887.5, 650.0], [80882.5, 1460.0]], "asks": [[80967.5, 4180.0], [80970.0, 19820.0], [80972.5, 5780.0], [80975.0, 10000.0], [80977.5, 120.0], [80985.0, 1410.0], [80987.5, 4690.0], [80997.5, 8580.0], [81000.0, 28610.0], [81007.5, 8770.0], [81010.0, 30650.0], [81012.5, 4690.0], [81032.5, 1430.0], [81035.0, 4690.0], [81045.0, 650.0], [81047.5, 1460.0], [81050.0, 4850.0], [81075.0, 1450.0], [81077.5, 4830.0], [81092.5, 1460.0]]}}}
{"jsonrpc": "2.0", "method": "subscription", "params": {"channel": "book.BTC-21MAR25.none.20.100ms", "data": {"timestamp": 1741569803709, "change_id": 91904493086, "instrument_name": "BTC-21MAR25", "bids": [[81035.0, 3130.0], [81032.5, 10020.0], [81027.5, 1370.0], [81025.0, 4570.0], [81020.0, 30880.0], [81017.5, 50000.0], [81015.0, 62140.0], [81012.5, 5780.0], [81002.5, 7220.0], [81000.0, 25430.0], [80997.5, 4520.0], [80985.0, 1320.0], [80982.5, 4400.0], [80972.5, 1340.0], [80970.0, 4480.0], [80967.5, 20.0], [80952.5, 4490.0], [80950.0, 14970.0], [80917.5, 1340.0], [80915.0, 4470.0]], "asks": [[81045.0, 840.0], [81047.5, 2800.0], [81050.0, 10190.0], [81052.5, 7300.0], [81055.0, 30680.0], [81060.0, 840.0], [81062.5, 2800.0], [81065.0, 1350.0], [81067.5, 4630.0], [81075.0, 4390.0], [81077.5, 14510.0], [81085.0, 1350.0], [81087.5, 4510.0], [81095.0, 1350.0], [81097.5, 4510.0], [81102.5, 7120.0], [81105.0, 23720.0], [81115.0, 600.0], [81117.5, 2000.0], [81120.0, 5820.0]]}}}
{"jsonrpc": "2.0", "method": "subscription", "params": {"channel": "book.BTC-14MAR25.none.20.100ms", "data": {"timestamp": 1741569804057, "change_id": 91904493961, "instrument_name": "BTC-14MAR25", "bids": [[80962.5, 10.0], [80960.0, 1000.0], [80957.5, 4750.0], [80952.5, 1730.0], [80950.0, 5780.0], [80947.5, 1430.0], [80945.0, 4750.0], [80942.5, 120.0], [80940.0, 1430.0], [80935.0, 7750.0], [80932.5, 10000.0], [80930.0, 22370.0], [80927.5, 69880.0], [80925.0, 4690.0], [80917.5, 1430.0], [80915.0, 4760.0], [80910.0, 17950.0], [80907.5, 24120.0], [80905.0, 35710.0], [80897.5, 1410.0]], "asks": [[80965.0, 10.0], [80970.0, 15090.0], [80975.0, 10000.0], [80982.5, 1730.0], [80985.0, 5780.0], [80987.5, 1430.0], [80990.0, 4870.0], [80997.5, 1410.0], [81000.0, 4690.0], [81007.5, 9420.0], [81010.0, 30650.0], [81012.5, 4690.0], [81025.0, 7440.0], [81027.5, 24810.0], [81032.5, 1430.0], [81035.0, 4690.0], [81047.5, 11770.0], [81050.0, 39850.0], [81075.0, 1450.0], [81077.5, 4830.0]]}}}
{"jsonrpc": "2.0", "method": "subscription", "params": {"channel": "book.BTC-21MAR25.none.20.100ms", "data": {"timestamp": 1741569804051, "change_id": 91904493950, "instrument_name": "BTC-21MAR25", "bids": [[81040.0, 2580.0], [81035.0, 13550.0], [81032.5, 10020.0], [81030.0, 5780.0], [81027.5, 1370.0], [81025.0, 4570.0], [81020.0, 30880.0], [81017.5, 50000.0], [81015.0, 62140.0], [81002.5, 7220.0], [81000.0, 25430.0], [80997.5, 4520.0], [80985.0, 1320.0], [80982.5, 4400.0], [80972.5, 1340.0], [80970.0, 4480.0], [80967.5, 20.0], [80952.5, 4490.0], [80950.0, 14970.0], [80917.5, 1340.0]], "asks": [[81055.0, 24900.0], [81060.0, 840.0], [81062.5, 2800.0], [81065.0, 1730.0], [81067.5, 5780.0], [81075.0, 1350.0], [81077.5, 4510.0], [81082.5, 120.0], [81085.0, 4180.0], [81087.5, 4510.0], [81090.0, 10000.0], [81095.0, 1350.0], [81097.5, 4510.0], [81120.0, 11300.0], [81122.5, 15010.0], [81125.0, 35590.0], [81127.5, 35000.0], [81132.5, 1350.0], [81135.0, 4500.0], [81142.5, 2000.0]]}}}
{"jsonrpc": "2.0", "method": "subscription", "params": {"channel": "book.BTC-14MAR25.none.20.100ms", "data": {"timestamp": 1741569804241, "change_id": 91904494876, "instrument_name": "BTC-14MAR25", "bids": [[80955.0, 3200.0], [80952.5, 4870.0], [80950.0, 11780.0], [80947.5, 20000.0], [80945.0, 3040.0], [80942.5, 10000.0], [80940.0, 1430.0], [80935.0, 4750.0], [80930.0, 1410.0], [80925.0, 4690.0], [80917.5, 1430.0], [80915.0, 4760.0], [80910.0, 17950.0], [80907.5, 24120.0], [80905.0, 35710.0], [80897.5, 1410.0], [80895.0, 5290.0], [80892.5, 2000.0], [80890.0, 650.0], [80882.5, 1460.0]], "asks": [[80965.0, 10.0], [80970.0, 15090.0], [80982.5, 1730.0], [80985.0, 10240.0], [80987.5, 10000.0], [80990.0, 4870.0], [80997.5, 1410.0], [81000.0, 4690.0], [81007.5, 9420.0], [81010.0, 30650.0], [81012.5, 4690.0], [81025.0, 7440.0], [81027.5, 24810.0], [81032.5, 1430.0], [81035.0, 4690.0], [81047.5, 11770.0], [81050.0, 39850.0], [81075.0, 1450.0], [81077.5, 4830.0], [81092.5, 1460.0]]}}}
{"jsonrpc": "2.0", "method": "subscription", "params": {"channel": "book.BTC-21MAR25.none.20.100ms", "data": {"timestamp": 1741569804297, "change_id": 91904494846, "instrument_name": "BTC-21MAR25", "bids": [[81045.0, 120.0], [81042.5, 10000.0], [81035.0, 1350.0], [81032.5, 20.0], [81030.0, 5780.0], [81027.5, 1370.0], [81025.0, 4570.0], [81015.0, 4510.0], [81002.5, 7220.0], [81000.0, 75430.0], [80997.5, 4520.0], [80985.0, 1320.0], [80982.5, 4400.0], [80972.5, 1340.0], [80970.0, 4480.0], [80967.5, 20.0], [80952.5, 4490.0], [80950.0, 14970.0], [80915.0, 4470.0], [80907.5, 1350.0]], "asks": [[81052.5, 10270.0], [81055.0, 24900.0], [81060.0, 2110.0], [81062.5, 2800.0], [81065.0, 6300.0], [81067.5, 5780.0], [81075.0, 1350.0], [81077.5, 4510.0], [81082.5, 120.0], [81085.0, 4180.0], [81087.5, 4510.0], [81090.0, 10000.0], [81095.0, 1350.0], [81097.5, 4510.0], [81120.0, 5480.0], [81122.5, 15010.0], [81125.0, 35590.0], [81127.5, 35000.0], [81132.5, 1350.0], [81135.0, 4500.0]]}}}
{"jsonrpc": "2.0", "method": "subscription", "params": {"channel": "book.BTC-14MAR25.none.20.100ms", "data": {"timestamp": 1741569804715, "change_id": 91904495384, "instrument_name": "BTC-14MAR25", "bids": [[80952.5, 120.0], [80950.0, 6000.0], [80947.5, 20000.0], [80945.0, 4350.0], [80942.5, 15780.0], [80940.0, 22930.0], [80935.0, 77040.0], [80930.0, 1410.0], [80925.0, 4690.0], [80917.5, 1430.0], [80915.0, 4760.0], [80910.0, 17950.0], [80907.5, 24120.0], [80905.0, 35710.0], [80897.5, 1410.0], [80895.0, 5290.0], [80892.5, 2000.0], [80890.0, 650.0], [80882.5, 1460.0], [80880.0, 4860.0]], "asks": [[80965.0, 10.0], [80970.0, 15090.0], [80982.5, 1730.0], [80985.0, 10240.0], [80987.5, 10000.0], [80990.0, 4870.0], [80997.5, 1410.0], [81000.0, 4690.0], [81007.5, 9420.0], [81010.0, 30650.0], [81012.5, 4690.0], [81025.0, 7440.0], [81027.5, 24810.0], [81032.5, 1430.0], [81035.0, 4690.0], [81047.5, 11770.0], [81050.0, 39850.0], [81075.0, 1450.0], [81077.5, 4830.0], [81092.5, 1460.0]]}}}
{"jsonrpc": "2.0", "method": "subscription", "params": {"channel": "book.BTC-21MAR25.none.20.100ms", "data": {"timestamp": 1741569804672, "change_id": 91904495350, "instrument_name": "BTC-21MAR25", "bids": [[81045.0, 120.0], [81042.5, 10000.0], [81035.0, 1350.0], [81032.5, 20.0], [81030.0, 5780.0], [81027.5, 1370.0], [81025.0, 4570.0], [81017.5, 1350.0], [81015.0, 4510.0], [81002.5, 7220.0], [81000.0, 75430.0], [80997.5, 4520.0], [80985.0, 1320.0], [80982.5, 4400.0], [80972.5, 1340.0], [80970.0, 4480.0], [80967.5, 20.0], [80952.5, 4490.0], [80950.0, 14970.0], [80915.0, 4470.0]], "asks": [[81050.0, 2800.0], [81052.5, 10270.0], [81055.0, 24900.0], [81060.0, 2110.0], [81062.5, 2800.0], [81065.0, 6300.0], [81067.5, 5780.0], [81075.0, 1350.0], [81077.5, 4510.0], [81082.5, 120.0], [81085.0, 4180.0], [81087.5, 4510.0], [81090.0, 10000.0], [81095.0, 1350.0], [81097.5, 4510.0], [81120.0, 5480.0], [81122.5, 15010.0], [81125.0, 35590.0], [81127.5, 35000.0], [81132.5, 1350.0]]}}}
{"jsonrpc": "2.0", "method": "subscription", "params": {"channel": "book.BTC-14MAR25.none.20.100ms", "data": {"timestamp": 1741569805050, "change_id": 91904495935, "instrument_name": "BTC-14MAR25", "bids": [[80952.5, 120.0], [80945.0, 3040.0], [80942.5, 15780.0], [80940.0, 22930.0], [80935.0, 72290.0], [80930.0, 1410.0], [80925.0, 4690.0], [80917.5, 1430.0], [80915.0, 4760.0], [80910.0, 17950.0], [80907.5, 24120.0], [80905.0, 35710.0], [80897.5, 1410.0], [80895.0, 5290.0], [80892.5, 2000.0], [80890.0, 650.0], [80882.5, 1460.0], [80880.0, 4860.0], [80852.5, 1400.0], [80850.0, 4670.0]], "asks": [[80960.0, 10.0], [80967.5, 4530.0], [80970.0, 15090.0], [80972.5, 1430.0], [80975.0, 6480.0], [80977.5, 5780.0], [80985.0, 4460.0], [80987.5, 10000.0], [80990.0, 4870.0], [80997.5, 1410.0], [81000.0, 4690.0], [81007.5, 9420.0], [81010.0, 30650.0], [81012.5, 4690.0], [81025.0, 7440.0], [81027.5, 24810.0], [81032.5, 1430.0], [81035.0, 4690.0], [81047.5, 11770.0], [81050.0, 39850.0]]}}}
{"jsonrpc": "2.0", "method": "subscription", "params": {"channel": "book.BTC-21MAR25.none.20.100ms", "data": {"timestamp": 1741569805032, "change_id": 91904495928, "instrument_name": "BTC-21MAR25", "bids": [[81045.0, 120.0], [81042.5, 10000.0], [81032.5, 20.0], [81027.5, 1370.0], [81025.0, 4570.0], [81022.5, 1730.0], [81020.0, 5780.0], [81017.5, 1350.0], [81015.0, 4510.0], [81002.5, 7220.0], [81000.0, 75430.0], [80997.5, 4520.0], [80985.0, 1320.0], [80982.5, 4400.0], [80972.5, 1340.0], [80970.0, 4480.0], [80967.5, 20.0], [80952.5, 4490.0], [80950.0, 14970.0], [80915.0, 4470.0]], "asks": [[81050.0, 2800.0], [81052.5, 10270.0], [81055.0, 26630.0], [81057.5, 5780.0], [81060.0, 2110.0], [81062.5, 2800.0], [81065.0, 4570.0], [81075.0, 1350.0], [81077.5, 4510.0], [81082.5, 120.0], [81085.0, 4180.0], [81087.5, 4510.0], [81090.0, 10000.0], [81095.0, 1350.0], [81097.5, 4510.0], [81120.0, 5480.0], [81122.5, 15010.0], [81125.0, 35590.0], [81127.5, 35000.0], [81132.5, 1350.0]]}}}
{"jsonrpc": "2.0", "method": "subscription", "params": {"channel": "book.BTC-14MAR25.none.20.100ms", "data": {"timestamp": 1741569805374, "change_id": 91904497314, "instrument_name": "BTC-14MAR25", "bids": [[80967.5, 10.0], [80962.5, 1000.0], [80960.0, 7730.0], [80957.5, 4750.0], [80955.0, 5780.0], [80950.0, 1550.0], [80947.5, 4750.0], [80942.5, 3000.0], [80940.0, 31500.0], [80937.5, 4750.0], [80935.0, 72290.0], [80925.0, 4690.0], [80915.0, 6760.0], [80910.0, 17950.0], [80907.5, 24120.0], [80905.0, 35710.0], [80895.0, 4690.0], [80890.0, 650.0], [80880.0, 4860.0], [80850.0, 4670.0]], "asks": [[80970.0, 15090.0], [80985.0, 2810.0], [80990.0, 10120.0], [81000.0, 4690.0], [81007.5, 650.0], [81010.0, 29240.0], [81012.5, 4690.0], [81032.5, 20.0], [81035.0, 4690.0], [81050.0, 39850.0], [81075.0, 1450.0], [81077.5, 4830.0], [81095.0, 4860.0], [81097.5, 20.0], [81107.5, 4880.0], [81110.0, 4750.0], [81117.5, 4650.0], [81132.5, 34210.0], [81152.5, 4760.0], [81162.5, 4820.0]]}}}
{"jsonrpc": "2.0", "method": "subscription", "params": {"channel": "book.BTC-21MAR25.none.20.100ms", "data": {"timestamp": 1741569805338, "change_id": 91904497236, "instrument_name": "BTC-21MAR25", "bids": [[81050.0, 2390.0], [81047.5, 4500.0], [81045.0, 11500.0], [81042.5, 14570.0], [81035.0, 1370.0], [81032.5, 140.0], [81030.0, 5780.0], [81025.0, 4570.0], [81015.0, 4510.0], [81005.0, 50000.0], [81002.5, 7220.0], [81000.0, 24070.0], [80997.5, 4520.0], [80982.5, 4400.0], [80970.0, 4480.0], [80967.5, 20.0], [80955.0, 14970.0], [80915.0, 4470.0], [80905.0, 4490.0], [80895.0, 4510.0]], "asks": [[81055.0, 24900.0], [81062.5, 2800.0], [81065.0, 1730.0], [81067.5, 5780.0], [81075.0, 1350.0], [81077.5, 4510.0], [81082.5, 120.0], [81085.0, 1350.0], [81087.5, 4510.0], [81092.5, 10000.0], [81095.0, 1350.0], [81097.5, 4510.0], [81120.0, 5480.0], [81122.5, 15010.0], [81125.0, 10500.0], [81127.5, 35000.0], [81135.0, 4500.0], [81142.5, 2000.0], [81147.5, 4470.0], [81155.0, 6560.0]]}}}
{"jsonrpc": "2.0", "method": "subscription", "params": {"channel": "book.BTC-14MAR25.none.20.100ms", "data": {"timestamp": 1741569805462, "change_id": 91904497612, "instrument_name": "BTC-14MAR25", "bids": [[80967.5, 4760.0], [80962.5, 1000.0], [80960.0, 7730.0], [80957.5, 4750.0], [80955.0, 5780.0], [80950.0, 1550.0], [80947.5, 4750.0], [80942.5, 3000.0], [80940.0, 31500.0], [80937.5, 4750.0], [80935.0, 72290.0], [80927.5, 1410.0], [80925.0, 4690.0], [80920.0, 30830.0], [80917.5, 2030.0], [80915.0, 6760.0], [80907.5, 24120.0], [80905.0, 4880.0], [80895.0, 4690.0], [80890.0, 650.0]], "asks": [[80985.0, 2810.0], [80987.5, 15090.0], [80990.0, 11850.0], [80992.5, 5780.0], [80997.5, 1410.0], [81000.0, 4690.0], [81007.5, 650.0], [81010.0, 29240.0], [81012.5, 4690.0], [81032.5, 20.0], [81035.0, 29440.0], [81050.0, 39850.0], [81075.0, 1450.0], [81077.5, 4830.0], [81095.0, 4860.0], [81097.5, 20.0], [81107.5, 4880.0], [81110.0, 4750.0], [81117.5, 4650.0], [81132.5, 34210.0]]}}}
{"jsonrpc": "2.0", "method": "subscription", "params": {"channel": "book.BTC-21MAR25.none.20.100ms", "data": {"timestamp": 1741569805598, "change_id": 91904497727, "instrument_name": "BTC-21MAR25", "bids": [[81050.0, 2390.0], [81045.0, 11620.0], [81042.5, 14570.0], [81035.0, 1370.0], [81032.5, 20.0], [81030.0, 5780.0], [81025.0, 4570.0], [81015.0, 4510.0], [81005.0, 50000.0], [81002.5, 7220.0], [81000.0, 24070.0], [80997.5, 4520.0], [80982.5, 4400.0], [80970.0, 4480.0], [80967.5, 20.0], [80955.0, 14970.0], [80915.0, 4470.0], [80905.0, 4490.0], [80895.0, 4510.0], [80885.0, 109400.0]], "asks": [[81062.5, 2800.0], [81065.0, 1730.0], [81067.5, 5780.0], [81075.0, 1350.0], [81077.5, 4510.0], [81082.5, 120.0], [81085.0, 1350.0], [81087.5, 4510.0], [81092.5, 10000.0], [81095.0, 1350.0], [81097.5, 4510.0], [81120.0, 5480.0], [81122.5, 15010.0], [81125.0, 10500.0], [81127.5, 35000.0], [81132.5, 25100.0], [81135.0, 4500.0], [81142.5, 2000.0], [81147.5, 4470.0], [81155.0, 6560.0]]}}}
{"jsonrpc": "2.0", "method": "subscription", "params": {"channel": "book.BTC-14MAR25.none.20.100ms", "data": {"timestamp": 1741569805829, "change_id": 91904497974, "instrument_name": "BTC-14MAR25", "bids": [[80967.5, 4760.0], [80962.5, 1000.0], [80960.0, 7730.0], [80957.5, 4750.0], [80955.0, 5780.0], [80950.0, 1550.0], [80947.5, 4750.0], [80942.5, 3000.0], [80940.0, 31500.0], [80937.5, 4750.0], [80935.0, 72290.0], [80927.5, 1410.0], [80925.0, 4690.0], [80920.0, 30830.0], [80917.5, 2030.0], [80915.0, 6760.0], [80907.5, 24120.0], [80905.0, 4880.0], [80895.0, 4690.0], [80890.0, 650.0]], "asks": [[80985.0, 2810.0], [80987.5, 15090.0], [80990.0, 11850.0], [80992.5, 5780.0], [80997.5, 1410.0], [81000.0, 4690.0], [81007.5, 650.0], [81010.0, 29240.0], [81012.5, 4690.0], [81032.5, 20.0], [81035.0, 29440.0], [81050.0, 39850.0], [81075.0, 1450.0], [81077.5, 4830.0], [81095.0, 4860.0], [81097.5, 20.0], [81107.5, 4880.0], [81110.0, 4750.0], [81117.5, 4650.0], [81132.5, 34210.0]]}}}
{"jsonrpc": "2.0", "method": "subscription", "params": {"channel": "book.BTC-21MAR25.none.20.100ms", "data": {"timestamp": 1741569806000, "change_id": 91904498164, "instrument_name": "BTC-21MAR25", "bids": [[81052.5, 1350.0], [81050.0, 6890.0], [81045.0, 11620.0], [81042.5, 14570.0], [81035.0, 1370.0], [81032.5, 20.0], [81030.0, 5780.0], [81025.0, 4570.0], [81017.5, 50000.0], [81015.0, 4510.0], [81002.5, 7220.0], [81000.0, 24070.0], [80997.5, 4520.0], [80982.5, 4400.0], [80970.0, 4480.0], [80967.5, 20.0], [80957.5, 4490.0], [80955.0, 14970.0], [80917.5, 1340.0], [80915.0, 4470.0]], "asks": [[81062.5, 2800.0], [81065.0, 1730.0], [81067.5, 5780.0], [81075.0, 1350.0], [81077.5, 4510.0], [81082.5, 120.0], [81085.0, 1350.0], [81087.5, 4510.0], [81090.0, 3000.0], [81092.5, 10000.0], [81095.0, 1350.0], [81097.5, 4510.0], [81120.0, 5480.0], [81122.5, 15010.0], [81125.0, 10500.0], [81127.5, 35000.0], [81130.0, 8880.0], [81132.5, 25100.0], [81135.0, 4500.0], [81142.5, 2000.0]]}}}
{"jsonrpc": "2.0", "method": "subscription", "params": {"channel": "book.BTC-14MAR25.none.20.100ms", "data": {"timestamp": 1741569806342, "change_id": 91904498814, "instrument_name": "BTC-14MAR25", "bids": [[80977.5, 10.0], [80972.5, 1430.0], [80970.0, 6180.0], [80967.5, 4750.0], [80960.0, 3100.0], [80957.5, 4750.0], [80955.0, 5780.0], [80950.0, 1430.0], [80947.5, 4750.0], [80942.5, 3000.0], [80940.0, 11430.0], [80937.5, 4750.0], [80927.5, 1410.0], [80925.0, 4690.0], [80922.5, 9250.0], [80920.0, 30830.0], [80917.5, 2030.0], [80915.0, 6760.0], [80910.0, 8700.0], [80907.5, 24120.0]], "asks": [[80980.0, 10.0], [80985.0, 7210.0], [80987.5, 15090.0], [80990.0, 11850.0], [80992.5, 5780.0], [80997.5, 1410.0], [81000.0, 4690.0], [81007.5, 9420.0], [81010.0, 30650.0], [81012.5, 4690.0], [81032.5, 8850.0], [81035.0, 29440.0], [81047.5, 11960.0], [81050.0, 39850.0], [81075.0, 1450.0], [81077.5, 4830.0], [81092.5, 1460.0], [81095.0, 4860.0], [81097.5, 20.0], [81105.0, 2890.0]]}}}
{"jsonrpc": "2.0", "method": "subscription", "params": {"channel": "book.BTC-21MAR25.none.20.100ms", "data": {"timestamp": 1741569806275, "change_id": 91904498781, "instrument_name": "BTC-21MAR25", "bids": [[81050.0, 2390.0], [81045.0, 11620.0], [81042.5, 14570.0], [81035.0, 1370.0], [81032.5, 20.0], [81030.0, 5780.0], [81025.0, 4570.0], [81015.0, 4510.0], [81005.0, 50000.0], [81002.5, 7220.0], [81000.0, 24070.0], [80997.5, 4520.0], [80982.5, 4400.0], [80970.0, 4480.0], [80967.5, 20.0], [80957.5, 4490.0], [80955.0, 14970.0], [80917.5, 1340.0], [80915.0, 4470.0], [80905.0, 4490.0]], "asks": [[81062.5, 2800.0], [81065.0, 1730.0], [81067.5, 5780.0], [81075.0, 1350.0], [81077.5, 4510.0], [81082.5, 120.0], [81085.0, 1350.0], [81087.5, 4510.0], [81090.0, 3000.0], [81092.5, 10000.0], [81095.0, 1350.0], [81097.5, 4510.0], [81120.0, 5480.0], [81122.5, 15010.0], [81125.0, 10500.0], [81127.5, 35000.0], [81130.0, 8880.0], [81132.5, 25100.0], [81135.0, 4500.0], [81142.5, 2000.0]]}}}
{"jsonrpc": "2.0", "method": "subscription", "params": {"channel": "book.BTC-14MAR25.none.20.100ms", "data": {"timestamp": 1741569806693, "change_id": 91904500005, "instrument_name": "BTC-14MAR25", "bids": [[80947.5, 120.0], [80942.5, 5780.0], [80925.0, 4690.0], [80915.0, 4760.0], [80910.0, 30830.0], [80907.5, 24120.0], [80905.0, 4880.0], [80895.0, 4690.0], [80890.0, 2650.0], [80880.0, 4860.0], [80850.0, 4670.0], [80840.0, 4690.0], [80837.5, 30690.0], [80830.0, 31230.0], [80820.0, 9440.0], [80800.0, 4780.0], [80797.5, 61780.0], [80787.5, 105000.0], [80782.5, 4800.0], [80775.0, 20.0]], "asks": [[80965.0, 10.0], [80970.0, 4750.0], [80975.0, 15090.0], [80977.5, 10530.0], [80980.0, 4750.0], [80990.0, 14870.0], [81000.0, 4690.0], [81010.0, 29240.0], [81012.5, 4690.0], [81017.5, 650.0], [81032.5, 20.0], [81035.0, 29440.0], [81050.0, 39850.0], [81077.5, 4830.0], [81095.0, 4860.0], [81097.5, 20.0], [81107.5, 4880.0], [81110.0, 4750.0], [81117.5, 4650.0], [81132.5, 34210.0]]}}}
{"jsonrpc": "2.0", "method": "subscription", "params": {"channel": "book.BTC-21MAR25.none.20.100ms", "data": {"timestamp": 1741569806702, "change_id": 91904500024, "instrument_name": "BTC-21MAR25", "bids": [[81032.5, 140.0], [81022.5, 1730.0], [81020.0, 5780.0], [81017.5, 1350.0], [81015.0, 4510.0], [81000.0, 24070.0], [80997.5, 4520.0], [80982.5, 4400.0], [80972.5, 50000.0], [80970.0, 4480.0], [80967.5, 20.0], [80955.0, 14970.0], [80915.0, 4470.0], [80905.0, 4490.0], [80895.0, 4510.0], [80885.0, 109400.0], [80875.0, 4480.0], [80872.5, 21840.0], [80845.0, 4480.0], [80840.0, 20.0]], "asks": [[81045.0, 8040.0], [81050.0, 5270.0], [81052.5, 2800.0], [81055.0, 5780.0], [81060.0, 1370.0], [81062.5, 4570.0], [81075.0, 1350.0], [81077.5, 4510.0], [81085.0, 1470.0], [81087.5, 4510.0], [81092.5, 10000.0], [81097.5, 4510.0], [81120.0, 2000.0], [81122.5, 15010.0], [81125.0, 10500.0], [81127.5, 35000.0], [81130.0, 8880.0], [81132.5, 25100.0], [81135.0, 4500.0], [81147.5, 4470.0]]}}}
{"jsonrpc": "2.0", "method": "subscription", "params": {"channel": "book.BTC-14MAR25.none.20.100ms", "data": {"timestamp": 1741569806975, "change_id": 91904500612, "instrument_name": "BTC-14MAR25", "bids": [[80955.0, 10.0], [80950.0, 6210.0], [80947.5, 4870.0], [80937.5, 4750.0], [80935.0, 5780.0], [80927.5, 10000.0], [80915.0, 4760.0], [80910.0, 30830.0], [80907.5, 24120.0], [80905.0, 4880.0], [80895.0, 4690.0], [80890.0, 2650.0], [80880.0, 4860.0], [80850.0, 4670.0], [80840.0, 4690.0], [80837.5, 30690.0], [80830.0, 31230.0], [80820.0, 9440.0], [80800.0, 4780.0], [80797.5, 61780.0]], "asks": [[80965.0, 10.0], [80975.0, 15090.0], [80977.5, 20530.0], [80990.0, 4870.0], [81000.0, 4690.0], [81010.0, 29240.0], [81012.5, 4690.0], [81017.5, 650.0], [81032.5, 20.0], [81035.0, 29440.0], [81050.0, 39850.0], [81095.0, 4860.0], [81097.5, 20.0], [81107.5, 4880.0], [81110.0, 4750.0], [81117.5, 4650.0], [81132.5, 34210.0], [81152.5, 4760.0], [81162.5, 4820.0], [81167.5, 26000.0]]}}}
{"jsonrpc": "2.0", "method": "subscription", "params": {"channel": "book.BTC-21MAR25.none.20.100ms", "data": {"timestamp": 1741569806973, "change_id": 91904500606, "instrument_name": "BTC-21MAR25", "bids": [[81032.5, 4640.0], [81027.5, 10000.0], [81020.0, 5780.0], [81015.0, 4510.0], [81000.0, 24070.0], [80997.5, 4520.0], [80985.0, 50000.0], [80982.5, 4400.0], [80970.0, 4480.0], [80967.5, 20.0], [80955.0, 14970.0], [80915.0, 4470.0], [80905.0, 4490.0], [80895.0, 4510.0], [80885.0, 109400.0], [80875.0, 4480.0], [80872.5, 21840.0], [80845.0, 4480.0], [80840.0, 20.0], [80835.0, 4540.0]], "asks": [[81050.0, 2800.0], [81052.5, 2800.0], [81055.0, 5780.0], [81062.5, 4570.0], [81075.0, 120.0], [81077.5, 4510.0], [81080.0, 10000.0], [81087.5, 4510.0], [81097.5, 4510.0], [81120.0, 2000.0], [81122.5, 15010.0], [81127.5, 35000.0], [81132.5, 25100.0], [81135.0, 4500.0], [81147.5, 4470.0], [81157.5, 21850.0], [81162.5, 4540.0], [81172.5, 4510.0], [81212.5, 4520.0], [81215.0, 44630.0]]}}}
{"jsonrpc": "2.0", "method": "subscription", "params": {"channel": "book.BTC-14MAR25.none.20.100ms", "data": {"timestamp": 1741569807167, "change_id": 91904500996, "instrument_name": "BTC-14MAR25", "bids": [[80955.0, 10.0], [80952.5, 1430.0], [80950.0, 6210.0], [80947.5, 4870.0], [80945.0, 1730.0], [80942.5, 5780.0], [80940.0, 1430.0], [80937.5, 4750.0], [80927.5, 82830.0], [80915.0, 4760.0], [80912.5, 9250.0], [80910.0, 30830.0], [80907.5, 24120.0], [80905.0, 4880.0], [80895.0, 4690.0], [80890.0, 2650.0], [80882.5, 1460.0], [80880.0, 4860.0], [80850.0, 4670.0], [80840.0, 13900.0]], "asks": [[80965.0, 10.0], [80972.5, 4530.0], [80975.0, 21250.0], [80977.5, 20530.0], [80987.5, 1460.0], [80990.0, 4870.0], [81000.0, 4690.0], [81007.5, 8770.0], [81010.0, 29240.0], [81012.5, 4690.0], [81017.5, 650.0], [81032.5, 20.0], [81035.0, 29440.0], [81047.5, 11960.0], [81050.0, 39850.0], [81095.0, 4860.0], [81097.5, 20.0], [81105.0, 2890.0], [81107.5, 4880.0], [81110.0, 4750.0]]}}}
{"jsonrpc": "2.0", "method": "subscription", "params": {"channel": "book.BTC-21MAR25.none.20.100ms", "data": {"timestamp": 1741569807357, "change_id": 91904501459, "instrument_name": "BTC-21MAR25", "bids": [[81032.5, 140.0], [81030.0, 3000.0], [81027.5, 10000.0], [81022.5, 1730.0], [81020.0, 5780.0], [81017.5, 1350.0], [81015.0, 4510.0], [81002.5, 50000.0], [81000.0, 24070.0], [80997.5, 4520.0], [80982.5, 4400.0], [80970.0, 4480.0], [80967.5, 20.0], [80955.0, 14970.0], [80915.0, 4470.0], [80905.0, 4490.0], [80895.0, 4510.0], [80885.0, 109400.0], [80875.0, 4480.0], [80872.5, 21840.0]], "asks": [[81047.5, 840.0], [81050.0, 5370.0], [81052.5, 2800.0], [81055.0, 5780.0], [81060.0, 1370.0], [81062.5, 4570.0], [81075.0, 120.0], [81077.5, 4510.0], [81080.0, 10000.0], [81087.5, 4510.0], [81097.5, 4510.0], [81120.0, 2000.0], [81122.5, 15010.0], [81127.5, 35000.0], [81132.5, 25100.0], [81135.0, 4500.0], [81147.5, 4470.0], [81157.5, 21850.0], [81162.5, 4540.0], [81172.5, 4510.0]]}}}
{"jsonrpc": "2.0", "method": "subscription", "params": {"channel": "book.BTC-14MAR25.none.20.100ms", "data": {"timestamp": 1741569807649, "change_id": 91904501919, "instrument_name": "BTC-14MAR25", "bids": [[80955.0, 10.0], [80950.0, 1460.0], [80947.5, 4870.0], [80945.0, 1730.0], [80942.5, 5780.0], [80940.0, 1430.0], [80937.5, 4750.0], [80927.5, 82830.0], [80915.0, 4760.0], [80912.5, 9250.0], [80910.0, 30830.0], [80907.5, 24120.0], [80905.0, 4880.0], [80895.0, 4690.0], [80890.0, 2650.0], [80882.5, 1460.0], [80880.0, 4860.0], [80850.0, 4670.0], [80840.0, 13900.0], [80837.5, 30690.0]], "asks": [[80965.0, 10.0], [80972.5, 4530.0], [80975.0, 21250.0], [80977.5, 20530.0], [80980.0, 120.0], [80987.5, 1460.0], [80990.0, 4750.0], [81000.0, 4690.0], [81007.5, 8770.0], [81010.0, 29240.0], [81012.5, 4690.0], [81017.5, 650.0], [81032.5, 20.0], [81035.0, 29440.0], [81047.5, 11960.0], [81050.0, 39850.0], [81095.0, 4860.0], [81097.5, 20.0], [81105.0, 2890.0], [81107.5, 4880.0]]}}}
{"jsonrpc": "2.0", "method": "subscription", "params": {"channel": "book.BTC-21MAR25.none.20.100ms", "data": {"timestamp": 1741569807632, "change_id": 91904501859, "instrument_name": "BTC-21MAR25", "bids": [[81032.5, 140.0], [81030.0, 3000.0], [81027.5, 10000.0], [81022.5, 1730.0], [81020.0, 40960.0], [81017.5, 50000.0], [81015.0, 67280.0], [81000.0, 24070.0], [80997.5, 4520.0], [80982.5, 4400.0], [80970.0, 4480.0], [80967.5, 20.0], [80955.0, 14970.0], [80915.0, 4470.0], [80905.0, 4490.0], [80895.0, 4510.0], [80885.0, 109400.0], [80875.0, 4480.0], [80872.5, 21840.0], [80845.0, 4480.0]], "asks": [[81042.5, 3640.0], [81045.0, 4990.0], [81047.5, 4500.0], [81050.0, 6420.0], [81052.5, 7370.0], [81055.0, 5780.0], [81057.5, 840.0], [81060.0, 4170.0], [81062.5, 4570.0], [81075.0, 120.0], [81077.5, 4510.0], [81080.0, 10000.0], [81087.5, 4510.0], [81097.5, 4510.0], [81120.0, 2000.0], [81122.5, 15010.0], [81127.5, 35000.0], [81132.5, 25100.0], [81135.0, 4500.0], [81147.5, 4470.0]]}}}
{"jsonrpc": "2.0", "method": "subscription", "params": {"channel": "book.BTC-14MAR25.none.20.100ms", "data": {"timestamp": 1741569808020, "change_id": 91904502325, "instrument_name": "BTC-14MAR25", "bids": [[80957.5, 1430.0], [80955.0, 4760.0], [80950.0, 1460.0], [80947.5, 4870.0], [80945.0, 1730.0], [80942.5, 5780.0], [80940.0, 1430.0], [80937.5, 4750.0], [80927.5, 82830.0], [80915.0, 4760.0], [80912.5, 9250.0], [80910.0, 30830.0], [80907.5, 24120.0], [80905.0, 4880.0], [80895.0, 4690.0], [80890.0, 2650.0], [80882.5, 1460.0], [80880.0, 4860.0], [80850.0, 4670.0], [80840.0, 13900.0]], "asks": [[80972.5, 4530.0], [80975.0, 21250.0], [80977.5, 20530.0], [80980.0, 120.0], [80987.5, 1460.0], [80990.0, 4750.0], [81000.0, 4690.0], [81007.5, 8770.0], [81010.0, 29240.0], [81012.5, 4690.0], [81017.5, 650.0], [81032.5, 20.0], [81035.0, 29440.0], [81047.5, 11960.0], [81050.0, 39850.0], [81095.0, 4860.0], [81097.5, 20.0], [81105.0, 2890.0], [81107.5, 4880.0], [81110.0, 4750.0]]}}}
{"jsonrpc": "2.0", "method": "subscription", "params": {"channel": "book.BTC-21MAR25.none.20.100ms", "data": {"timestamp": 1741569808027, "change_id": 91904502337, "instrument_name": "BTC-21MAR25", "bids": [[81037.5, 3640.0], [81035.0, 4190.0], [81032.5, 4640.0], [81030.0, 3000.0], [81027.5, 10000.0], [81025.0, 4570.0], [81022.5, 1730.0], [81020.0, 40960.0], [81017.5, 50000.0], [81015.0, 67280.0], [81000.0, 24070.0], [80997.5, 4520.0], [80982.5, 4400.0], [80970.0, 4480.0], [80967.5, 20.0], [80955.0, 14970.0], [80915.0, 4470.0], [80905.0, 4490.0], [80895.0, 4510.0], [80885.0, 109400.0]], "asks": [[81050.0, 5370.0], [81052.5, 2800.0], [81055.0, 5780.0], [81057.5, 840.0], [81060.0, 4170.0], [81062.5, 4570.0], [81075.0, 120.0], [81077.5, 4510.0], [81080.0, 10000.0], [81087.5, 4510.0], [81097.5, 4510.0], [81120.0, 2000.0], [81122.5, 15010.0], [81127.5, 35000.0], [81132.5, 25100.0], [81135.0, 4500.0], [81147.5, 4470.0], [81157.5, 21850.0], [81162.5, 4540.0], [81172.5, 4510.0]]}}}
{"jsonrpc": "2.0", "method": "subscription", "params": {"channel": "book.BTC-14MAR25.none.20.100ms", "data": {"timestamp": 1741569808323, "change_id": 91904503337, "instrument_name": "BTC-14MAR25", "bids": [[80960.0, 10.0], [80957.5, 1430.0], [80955.0, 4750.0], [80947.5, 120.0], [80945.0, 1730.0], [80942.5, 5780.0], [80940.0, 1430.0], [80937.5, 4750.0], [80930.0, 24850.0], [80927.5, 82830.0], [80915.0, 4760.0], [80912.5, 9250.0], [80910.0, 30830.0], [80907.5, 24120.0], [80905.0, 4880.0], [80897.5, 1410.0], [80895.0, 4690.0], [80890.0, 2650.0], [80882.5, 1460.0], [80880.0, 4860.0]], "asks": [[80975.0, 19550.0], [80977.5, 14750.0], [80980.0, 120.0], [80985.0, 5780.0], [80987.5, 1460.0], [80990.0, 4750.0], [80997.5, 1410.0], [81000.0, 4690.0], [81007.5, 8770.0], [81010.0, 29240.0], [81012.5, 4690.0], [81017.5, 650.0], [81032.5, 20.0], [81035.0, 4690.0], [81047.5, 11960.0], [81050.0, 39850.0], [81092.5, 1460.0], [81095.0, 4860.0], [81097.5, 20.0], [81105.0, 2890.0]]}}}
{"jsonrpc": "2.0", "method": "subscription", "params": {"channel": "book.BTC-21MAR25.none.20.100ms", "data": {"timestamp": 1741569808357, "change_id": 91904503335, "instrument_name": "BTC-21MAR25", "bids": [[81040.0, 1680.0], [81037.5, 2800.0], [81035.0, 4190.0], [81032.5, 4640.0], [81030.0, 3000.0], [81027.5, 10000.0], [81025.0, 6300.0], [81020.0, 40960.0], [81017.5, 50000.0], [81015.0, 67280.0], [81002.5, 7220.0], [81000.0, 24070.0], [80997.5, 4520.0], [80982.5, 4400.0], [80972.5, 1340.0], [80970.0, 4480.0], [80967.5, 20.0], [80917.5, 16310.0], [80915.0, 4470.0], [80905.0, 4490.0]], "asks": [[81052.5, 2800.0], [81057.5, 840.0], [81060.0, 2800.0], [81062.5, 1730.0], [81065.0, 5780.0], [81075.0, 4470.0], [81077.5, 4510.0], [81080.0, 10000.0], [81087.5, 4510.0], [81097.5, 4510.0], [81120.0, 2000.0], [81122.5, 15010.0], [81125.0, 10500.0], [81127.5, 35000.0], [81135.0, 4500.0], [81147.5, 4470.0], [81155.0, 6560.0], [81157.5, 21850.0], [81162.5, 4540.0], [81172.5, 4510.0]]}}}
{"jsonrpc": "2.0", "method": "subscription", "params": {"channel": "book.BTC-14MAR25.none.20.100ms", "data": {"timestamp": 1741569808686, "change_id": 91904504403, "instrument_name": "BTC-14MAR25", "bids": [[80970.0, 4750.0], [80967.5, 1430.0], [80965.0, 6180.0], [80962.5, 4750.0], [80955.0, 3160.0], [80952.5, 5780.0], [80950.0, 4750.0], [80947.5, 120.0], [80937.5, 14750.0], [80930.0, 24850.0], [80927.5, 72830.0], [80917.5, 30830.0], [80915.0, 6760.0], [80907.5, 24120.0], [80905.0, 4880.0], [80897.5, 1410.0], [80895.0, 4690.0], [80890.0, 650.0], [80880.0, 4860.0], [80850.0, 4670.0]], "asks": [[80977.5, 10.0], [80982.5, 4530.0], [80985.0, 19610.0], [80987.5, 5780.0], [80990.0, 10000.0], [80992.5, 120.0], [80997.5, 1410.0], [81000.0, 4690.0], [81010.0, 29240.0], [81012.5, 4690.0], [81017.5, 650.0], [81020.0, 24460.0], [81032.5, 20.0], [81035.0, 4690.0], [81050.0, 39850.0], [81092.5, 1460.0], [81095.0, 4860.0], [81097.5, 20.0], [81107.5, 4880.0], [81110.0, 4750.0]]}}}
{"jsonrpc": "2.0", "method": "subscription", "params": {"channel": "book.BTC-21MAR25.none.20.100ms", "data": {"timestamp": 1741569808688, "change_id": 91904504404, "instrument_name": "BTC-21MAR25", "bids": [[81050.0, 950.0], [81045.0, 1490.0], [81042.5, 4570.0], [81040.0, 4470.0], [81037.5, 12800.0], [81035.0, 4190.0], [81032.5, 20.0], [81030.0, 5780.0], [81027.5, 50000.0], [81025.0, 4570.0], [81015.0, 67280.0], [81002.5, 7220.0], [81000.0, 24070.0], [80997.5, 4520.0], [80982.5, 4400.0], [80972.5, 1340.0], [80970.0, 4480.0], [80967.5, 20.0], [80917.5, 16310.0], [80915.0, 4470.0]], "asks": [[81065.0, 1730.0], [81067.5, 5780.0], [81075.0, 1350.0], [81077.5, 4510.0], [81087.5, 4510.0], [81090.0, 120.0], [81092.5, 10000.0], [81097.5, 4510.0], [81107.5, 4570.0], [81117.5, 25190.0], [81122.5, 15010.0], [81125.0, 10500.0], [81127.5, 35000.0], [81135.0, 4500.0], [81145.0, 2000.0], [81147.5, 4470.0], [81155.0, 6560.0], [81157.5, 21850.0], [81162.5, 4540.0], [81172.5, 4510.0]]}}}
{"jsonrpc": "2.0", "method": "subscription", "params": {"channel": "book.BTC-14MAR25.none.20.100ms", "data": {"timestamp": 1741569808976, "change_id": 91904504954, "instrument_name": "BTC-14MAR25", "bids": [[80962.5, 4750.0], [80955.0, 1730.0], [80952.5, 5780.0], [80947.5, 120.0], [80937.5, 14750.0], [80927.5, 4750.0], [80917.5, 30830.0], [80915.0, 6760.0], [80907.5, 24120.0], [80905.0, 4880.0], [80897.5, 1410.0], [80895.0, 4690.0], [80890.0, 650.0], [80880.0, 4860.0], [80850.0, 4670.0], [80842.5, 1410.0], [80840.0, 13900.0], [80837.5, 30690.0], [80830.0, 31230.0], [80820.0, 9440.0]], "asks": [[80977.5, 10.0], [80982.5, 4530.0], [80985.0, 19610.0], [80987.5, 10530.0], [80990.0, 10000.0], [80992.5, 120.0], [80997.5, 1410.0], [81000.0, 4690.0], [81010.0, 29240.0], [81012.5, 4690.0], [81017.5, 650.0], [81020.0, 24460.0], [81032.5, 20.0], [81035.0, 4690.0], [81050.0, 39850.0], [81092.5, 1460.0], [81095.0, 4860.0], [81097.5, 20.0], [81107.5, 4880.0], [81110.0, 4750.0]]}}}
{"jsonrpc": "2.0", "method": "subscription", "params": {"channel": "book.BTC-21MAR25.none.20.100ms", "data": {"timestamp": 1741569809009, "change_id": 91904505004, "instrument_name": "BTC-21MAR25", "bids": [[81045.0, 120.0], [81037.5, 12800.0], [81032.5, 1750.0], [81030.0, 7150.0], [81025.0, 4570.0], [81015.0, 4510.0], [81005.0, 4570.0], [81002.5, 57220.0], [81000.0, 24070.0], [80982.5, 4400.0], [80972.5, 1340.0], [80970.0, 4480.0], [80967.5, 20.0], [80917.5, 16310.0], [80915.0, 4470.0], [80905.0, 4490.0], [80895.0, 4510.0], [80887.5, 32820.0], [80885.0, 109400.0], [80875.0, 4480.0]], "asks": [[81055.0, 1680.0], [81057.5, 2800.0], [81060.0, 7330.0], [81062.5, 7300.0], [81065.0, 10800.0], [81067.5, 5780.0], [81087.5, 4510.0], [81090.0, 120.0], [81092.5, 10000.0], [81097.5, 4510.0], [81107.5, 4570.0], [81117.5, 29760.0], [81122.5, 15010.0], [81125.0, 10500.0], [81127.5, 35000.0], [81135.0, 4500.0], [81145.0, 2000.0], [81147.5, 4470.0], [81155.0, 6560.0], [81157.5, 21850.0]]}}}
{"jsonrpc": "2.0", "method": "subscription", "params": {"channel": "book.BTC-14MAR25.none.20.100ms", "data": {"timestamp": 1741569809335, "change_id": 91904506002, "instrument_name": "BTC-14MAR25", "bids": [[80952.5, 1430.0], [80950.0, 4750.0], [80947.5, 1850.0], [80945.0, 5780.0], [80940.0, 4430.0], [80937.5, 14750.0], [80927.5, 4750.0], [80915.0, 6760.0], [80910.0, 30830.0], [80907.5, 24120.0], [80905.0, 4880.0], [80897.5, 1410.0], [80895.0, 4690.0], [80890.0, 650.0], [80887.5, 1430.0], [80885.0, 4750.0], [80852.5, 1400.0], [80850.0, 4670.0], [80842.5, 1410.0], [80840.0, 13900.0]], "asks": [[80965.0, 10.0], [80967.5, 1430.0], [80970.0, 4750.0], [80975.0, 5780.0], [80977.5, 10530.0], [80980.0, 15090.0], [80985.0, 4520.0], [80987.5, 4750.0], [80990.0, 10000.0], [80992.5, 120.0], [80997.5, 1410.0], [81000.0, 4690.0], [81007.5, 8770.0], [81010.0, 29240.0], [81012.5, 4690.0], [81017.5, 650.0], [81020.0, 24460.0], [81032.5, 20.0], [81035.0, 4690.0], [81047.5, 11960.0]]}}}
{"jsonrpc": "2.0", "method": "subscription", "params": {"channel": "book.BTC-21MAR25.none.20.100ms", "data": {"timestamp": 1741569809339, "change_id": 91904506004, "instrument_name": "BTC-21MAR25", "bids": [[81045.0, 120.0], [81037.5, 10000.0], [81032.5, 20.0], [81030.0, 9780.0], [81025.0, 38960.0], [81017.5, 1350.0], [81015.0, 4510.0], [81005.0, 26790.0], [81002.5, 50000.0], [81000.0, 24070.0], [80982.5, 4400.0], [80972.5, 1340.0], [80970.0, 4480.0], [80967.5, 20.0], [80920.0, 5830.0], [80917.5, 14970.0], [80915.0, 4470.0], [80905.0, 4490.0], [80895.0, 4510.0], [80887.5, 32820.0]], "asks": [[81050.0, 4990.0], [81052.5, 2800.0], [81055.0, 7700.0], [81057.5, 8580.0], [81060.0, 7330.0], [81062.5, 7300.0], [81065.0, 4570.0], [81080.0, 120.0], [81087.5, 4510.0], [81090.0, 3000.0], [81092.5, 10000.0], [81097.5, 4510.0], [81107.5, 4570.0], [81117.5, 29760.0], [81120.0, 4500.0], [81122.5, 15010.0], [81125.0, 10500.0], [81127.5, 35000.0], [81135.0, 4500.0], [81147.5, 4470.0]]}}}
{"jsonrpc": "2.0", "method": "subscription", "params": {"channel": "book.BTC-14MAR25.none.20.100ms", "data": {"timestamp": 1741569809652, "change_id": 91904506652, "instrument_name": "BTC-14MAR25", "bids": [[80947.5, 120.0], [80940.0, 4360.0], [80937.5, 15780.0], [80930.0, 1430.0], [80927.5, 4750.0], [80917.5, 1430.0], [80915.0, 4760.0], [80910.0, 16860.0], [80907.5, 54950.0], [80905.0, 4880.0], [80897.5, 1410.0], [80895.0, 4690.0], [80892.5, 600.0], [80890.0, 2000.0], [80887.5, 1430.0], [80885.0, 4750.0], [80852.5, 1400.0], [80850.0, 4670.0], [80842.5, 1410.0], [80840.0, 13900.0]], "asks": [[80957.5, 10.0], [80962.5, 1430.0], [80965.0, 4750.0], [80970.0, 4530.0], [80972.5, 15090.0], [80975.0, 6160.0], [80977.5, 15280.0], [80980.0, 10000.0], [80982.5, 120.0], [80985.0, 1730.0], [80987.5, 4750.0], [80997.5, 1410.0], [81000.0, 4690.0], [81007.5, 8770.0], [81010.0, 30650.0], [81012.5, 4690.0], [81017.5, 7990.0], [81020.0, 24460.0], [81032.5, 1430.0], [81035.0, 4690.0]]}}}
{"jsonrpc": "2.0", "method": "subscription", "params": {"channel": "book.BTC-21MAR25.none.20.100ms", "data": {"timestamp": 1741569809680, "change_id": 91904506673, "instrument_name": "BTC-21MAR25", "bids": [[81037.5, 10000.0], [81032.5, 140.0], [81027.5, 8580.0], [81025.0, 28610.0], [81017.5, 2920.0], [81015.0, 10290.0], [81005.0, 26790.0], [81002.5, 50000.0], [81000.0, 24070.0], [80982.5, 4400.0], [80972.5, 1340.0], [80970.0, 4480.0], [80967.5, 20.0], [80920.0, 5830.0], [80917.5, 14970.0], [80915.0, 4470.0], [80905.0, 4490.0], [80895.0, 4510.0], [80887.5, 32820.0], [80885.0, 109400.0]], "asks": [[81045.0, 3540.0], [81047.5, 4500.0], [81050.0, 8140.0], [81052.5, 2800.0], [81055.0, 7770.0], [81057.5, 8580.0], [81060.0, 4310.0], [81062.5, 2800.0], [81065.0, 4570.0], [81080.0, 120.0], [81082.5, 10000.0], [81087.5, 4510.0], [81097.5, 4510.0], [81107.5, 4570.0], [81117.5, 29760.0], [81120.0, 4500.0], [81122.5, 15010.0], [81125.0, 10500.0], [81127.5, 35000.0], [81135.0, 4500.0]]}}}
{"jsonrpc": "2.0", "method": "subscription", "params": {"channel": "book.BTC-14MAR25.none.20.100ms", "data": {"timestamp": 1741569809997, "change_id": 91904507130, "instrument_name": "BTC-14MAR25", "bids": [[80952.5, 10.0], [80947.5, 120.0], [80940.0, 1360.0], [80937.5, 5780.0], [80935.0, 7920.0], [80932.5, 26400.0], [80930.0, 4250.0], [80927.5, 4750.0], [80925.0, 10000.0], [80920.0, 8920.0], [80917.5, 24970.0], [80915.0, 4760.0], [80910.0, 8700.0], [80907.5, 30830.0], [80905.0, 4880.0], [80897.5, 1410.0], [80895.0, 4690.0], [80892.5, 600.0], [80890.0, 2000.0], [80887.5, 2080.0]], "asks": [[80960.0, 10.0], [80962.5, 570.0], [80965.0, 4750.0], [80970.0, 4530.0], [80972.5, 15090.0], [80975.0, 6160.0], [80977.5, 10530.0], [80980.0, 10000.0], [80982.5, 120.0], [80985.0, 1430.0], [80987.5, 4750.0], [80997.5, 1410.0], [81000.0, 4690.0], [81007.5, 8770.0], [81010.0, 30650.0], [81012.5, 4690.0], [81017.5, 7990.0], [81020.0, 24460.0], [81032.5, 1430.0], [81035.0, 4690.0]]}}}
{"jsonrpc": "2.0", "method": "subscription", "params": {"channel": "book.BTC-21MAR25.none.20.100ms", "data": {"timestamp": 1741569810004, "change_id": 91904507135, "instrument_name": "BTC-21MAR25", "bids": [[81037.5, 10000.0], [81032.5, 140.0], [81020.0, 25470.0], [81017.5, 50000.0], [81015.0, 34910.0], [81005.0, 4570.0], [80982.5, 4400.0], [80972.5, 1340.0], [80970.0, 4480.0], [80967.5, 20.0], [80960.0, 4570.0], [80920.0, 5830.0], [80917.5, 14970.0], [80915.0, 4470.0], [80905.0, 4490.0], [80895.0, 4510.0], [80887.5, 32820.0], [80885.0, 109400.0], [80877.5, 1340.0], [80875.0, 4480.0]], "asks": [[81042.5, 3540.0], [81045.0, 4500.0], [81050.0, 9410.0], [81052.5, 2800.0], [81055.0, 7770.0], [81057.5, 8580.0], [81060.0, 4310.0], [81062.5, 2800.0], [81065.0, 4570.0], [81080.0, 120.0], [81082.5, 10000.0], [81087.5, 4510.0], [81097.5, 4510.0], [81107.5, 4570.0], [81117.5, 29760.0], [81120.0, 4500.0], [81122.5, 15010.0], [81125.0, 10500.0], [81127.5, 35000.0], [81135.0, 4500.0]]}}}
{"jsonrpc": "2.0", "method": "subscription", "params": {"channel": "book.BTC-14MAR25.none.20.100ms", "data": {"timestamp": 1741569810332, "change_id": 91904507954, "instrument_name": "BTC-14MAR25", "bids": [[80952.5, 10.0], [80947.5, 120.0], [80940.0, 1360.0], [80937.5, 5780.0], [80930.0, 4250.0], [80927.5, 4750.0], [80925.0, 10000.0], [80920.0, 8920.0], [80917.5, 24970.0], [80915.0, 4760.0], [80910.0, 8700.0], [80907.5, 30830.0], [80905.0, 4880.0], [80897.5, 1410.0], [80895.0, 4690.0], [80892.5, 600.0], [80890.0, 2000.0], [80887.5, 2080.0], [80885.0, 4750.0], [80877.5, 1430.0]], "asks": [[80970.0, 4050.0], [80972.5, 15090.0], [80975.0, 6160.0], [80977.5, 5780.0], [80980.0, 10000.0], [80982.5, 120.0], [80985.0, 1430.0], [80987.5, 4750.0], [80997.5, 1410.0], [81000.0, 4690.0], [81007.5, 8770.0], [81010.0, 30650.0], [81012.5, 4690.0], [81017.5, 7990.0], [81020.0, 24460.0], [81032.5, 1430.0], [81035.0, 4690.0], [81047.5, 11960.0], [81050.0, 39850.0], [81092.5, 1460.0]]}}}
{"jsonrpc": "2.0", "method": "subscription", "params": {"channel": "book.BTC-21MAR25.none.20.100ms", "data": {"timestamp": 1741569810292, "change_id": 91904507920, "instrument_name": "BTC-21MAR25", "bids": [[81037.5, 10000.0], [81032.5, 140.0], [81030.0, 1370.0], [81027.5, 4570.0], [81020.0, 25470.0], [81017.5, 50000.0], [81015.0, 34910.0], [81007.5, 1370.0], [81005.0, 4570.0], [80982.5, 4400.0], [80972.5, 1340.0], [80970.0, 4480.0], [80967.5, 20.0], [80960.0, 4570.0], [80920.0, 5830.0], [80917.5, 14970.0], [80915.0, 4470.0], [80907.5, 1350.0], [80905.0, 4490.0], [80895.0, 4510.0]], "asks": [[81050.0, 3640.0], [81052.5, 2800.0], [81055.0, 3200.0], [81057.5, 8580.0], [81060.0, 4310.0], [81062.5, 2800.0], [81065.0, 4570.0], [81070.0, 120.0], [81080.0, 3000.0], [81082.5, 10000.0], [81087.5, 4510.0], [81097.5, 4510.0], [81107.5, 4570.0], [81115.0, 8930.0], [81117.5, 29760.0], [81120.0, 4500.0], [81122.5, 17010.0], [81125.0, 10500.0], [81127.5, 35000.0], [81135.0, 4500.0]]}}}
{"jsonrpc": "2.0", "method": "subscription", "params": {"channel": "book.BTC-14MAR25.none.20.100ms", "data": {"timestamp": 1741569810630, "change_id": 91904508445, "instrument_name": "BTC-14MAR25", "bids": [[80947.5, 120.0], [80940.0, 1360.0], [80937.5, 5780.0], [80930.0, 4250.0], [80927.5, 4750.0], [80925.0, 10000.0], [80920.0, 8920.0], [80917.5, 24970.0], [80915.0, 4760.0], [80910.0, 8700.0], [80907.5, 30830.0], [80905.0, 4880.0], [80897.5, 1410.0], [80895.0, 4690.0], [80892.5, 600.0], [80890.0, 2000.0], [80887.5, 2080.0], [80885.0, 4750.0], [80877.5, 1430.0], [80875.0, 4750.0]], "asks": [[80957.5, 10.0], [80960.0, 1430.0], [80962.5, 4750.0], [80965.0, 2980.0], [80967.5, 4750.0], [80970.0, 9830.0], [80972.5, 15090.0], [80975.0, 4430.0], [80977.5, 4750.0], [80980.0, 10000.0], [80982.5, 120.0], [80985.0, 1430.0], [80987.5, 4750.0], [80997.5, 1410.0], [81000.0, 4690.0], [81007.5, 8770.0], [81010.0, 30650.0], [81012.5, 4690.0], [81017.5, 7990.0], [81020.0, 24460.0]]}}}
{"jsonrpc": "2.0", "method": "subscription", "params": {"channel": "book.BTC-21MAR25.none.20.100ms", "data": {"timestamp": 1741569810647, "change_id": 91904508498, "instrument_name": "BTC-21MAR25", "bids": [[81032.5, 140.0], [81027.5, 3000.0], [81025.0, 10000.0], [81020.0, 25470.0], [81017.5, 50000.0], [81015.0, 34910.0], [81005.0, 4570.0], [80982.5, 4400.0], [80970.0, 4480.0], [80967.5, 20.0], [80960.0, 4570.0], [80917.5, 14970.0], [80915.0, 4470.0], [80905.0, 4490.0], [80895.0, 4510.0], [80885.0, 109400.0], [80875.0, 4480.0], [80872.5, 21840.0], [80845.0, 4480.0], [80840.0, 20.0]], "asks": [[81042.5, 1350.0], [81045.0, 4500.0], [81050.0, 9470.0], [81052.5, 2800.0], [81055.0, 32670.0], [81057.5, 8580.0], [81060.0, 1510.0], [81062.5, 2800.0], [81065.0, 4570.0], [81070.0, 120.0], [81082.5, 10000.0], [81087.5, 4510.0], [81097.5, 4510.0], [81107.5, 4570.0], [81115.0, 8930.0], [81117.5, 29760.0], [81122.5, 17010.0], [81125.0, 10500.0], [81127.5, 35000.0], [81135.0, 4500.0]]}}}
{"jsonrpc": "2.0", "method": "subscription", "params": {"channel": "book.BTC-14MAR25.none.20.100ms", "data": {"timestamp": 1741569810927, "change_id": 91904508831, "instrument_name": "BTC-14MAR25", "bids": [[80947.5, 120.0], [80940.0, 1360.0], [80937.5, 5780.0], [80930.0, 7910.0], [80927.5, 18130.0], [80925.0, 10000.0], [80920.0, 8920.0], [80917.5, 24970.0], [80915.0, 4760.0], [80910.0, 8700.0], [80907.5, 30830.0], [80905.0, 4880.0], [80897.5, 1410.0], [80895.0, 4690.0], [80892.5, 600.0], [80890.0, 2000.0], [80887.5, 2080.0], [80885.0, 4750.0], [80877.5, 1430.0], [80875.0, 4750.0]], "asks": [[80957.5, 10.0], [80965.0, 2920.0], [80967.5, 4750.0], [80970.0, 10310.0], [80972.5, 15090.0], [80975.0, 4430.0], [80977.5, 4750.0], [80980.0, 10000.0], [80982.5, 120.0], [80985.0, 1430.0], [80987.5, 4750.0], [80997.5, 1410.0], [81000.0, 4690.0], [81007.5, 8770.0], [81010.0, 30650.0], [81012.5, 4690.0], [81017.5, 7990.0], [81020.0, 24460.0], [81032.5, 1430.0], [81035.0, 4690.0]]}}}
{"jsonrpc": "2.0", "method": "subscription", "params": {"channel": "book.BTC-21MAR25.none.20.100ms", "data": {"timestamp": 1741569810989, "change_id": 91904508884, "instrument_name": "BTC-21MAR25", "bids": [[81032.5, 140.0], [81025.0, 10000.0], [81020.0, 25470.0], [81017.5, 50000.0], [81015.0, 38930.0], [81012.5, 13390.0], [81005.0, 4570.0], [80982.5, 4400.0], [80970.0, 4480.0], [80967.5, 20.0], [80960.0, 4570.0], [80920.0, 14970.0], [80915.0, 4470.0], [80905.0, 4490.0], [80895.0, 4510.0], [80885.0, 109400.0], [80875.0, 4480.0], [80872.5, 21840.0], [80845.0, 4480.0], [80840.0, 20.0]], "asks": [[81042.5, 1350.0], [81045.0, 4500.0], [81050.0, 9470.0], [81052.5, 2800.0], [81055.0, 32670.0], [81057.5, 8580.0], [81060.0, 1510.0], [81062.5, 2800.0], [81065.0, 4570.0], [81070.0, 120.0], [81082.5, 10000.0], [81087.5, 4510.0], [81097.5, 4510.0], [81107.5, 4570.0], [81115.0, 8930.0], [81117.5, 29760.0], [81122.5, 17010.0], [81125.0, 10500.0], [81127.5, 35000.0], [81135.0, 4500.0]]}}}
{"jsonrpc": "2.0", "method": "subscription", "params": {"channel": "book.BTC-14MAR25.none.20.100ms", "data": {"timestamp": 1741569811303, "change_id": 91904509735, "instrument_name": "BTC-14MAR25", "bids": [[80940.0, 1360.0], [80937.5, 5780.0], [80935.0, 6120.0], [80932.5, 20000.0], [80930.0, 7910.0], [80927.5, 13380.0], [80925.0, 10000.0], [80920.0, 8920.0], [80917.5, 24970.0], [80915.0, 4760.0], [80910.0, 8700.0], [80907.5, 30830.0], [80905.0, 4880.0], [80897.5, 1410.0], [80895.0, 4690.0], [80892.5, 600.0], [80890.0, 2000.0], [80887.5, 2080.0], [80885.0, 4750.0], [80877.5, 1430.0]], "asks": [[80955.0, 10.0], [80960.0, 4750.0], [80962.5, 1430.0], [80965.0, 9240.0], [80970.0, 20310.0], [80972.5, 15090.0], [80975.0, 4750.0], [80982.5, 120.0], [80985.0, 1430.0], [80987.5, 4750.0], [80997.5, 1410.0], [81000.0, 4690.0], [81007.5, 8770.0], [81010.0, 30650.0], [81012.5, 4690.0], [81017.5, 7990.0], [81020.0, 24460.0], [81032.5, 1430.0], [81035.0, 4690.0], [81047.5, 11960.0]]}}}
{"jsonrpc": "2.0", "method": "subscription", "params": {"channel": "book.BTC-21MAR25.none.20.100ms", "data": {"timestamp": 1741569811330, "change_id": 91904509738, "instrument_name": "BTC-21MAR25", "bids": [[81032.5, 140.0], [81025.0, 10000.0], [81020.0, 25470.0], [81017.5, 50000.0], [81015.0, 34420.0], [81012.5, 13390.0], [80982.5, 4400.0], [80970.0, 4480.0], [80967.5, 20.0], [80962.5, 1370.0], [80960.0, 4570.0], [80922.5, 4490.0], [80920.0, 14970.0], [80915.0, 4470.0], [80905.0, 4490.0], [80895.0, 4510.0], [80887.5, 32820.0], [80885.0, 109400.0], [80875.0, 4480.0], [80872.5, 21840.0]], "asks": [[81037.5, 1350.0], [81040.0, 4500.0], [81050.0, 9470.0], [81052.5, 2800.0], [81055.0, 32670.0], [81057.5, 8580.0], [81060.0, 1510.0], [81062.5, 2800.0], [81065.0, 4570.0], [81070.0, 3120.0], [81072.5, 10000.0], [81097.5, 4510.0], [81107.5, 4570.0], [81115.0, 8930.0], [81117.5, 29760.0], [81122.5, 17010.0], [81125.0, 10500.0], [81127.5, 35000.0], [81135.0, 4500.0], [81147.5, 4470.0]]}}}
{"jsonrpc": "2.0", "method": "subscription", "params": {"channel": "book.BTC-14MAR25.none.20.100ms", "data": {"timestamp": 1741569811642, "change_id": 91904510107, "instrument_name": "BTC-14MAR25", "bids": [[80945.0, 10.0], [80940.0, 1360.0], [80937.5, 5780.0], [80935.0, 6120.0], [80932.5, 20000.0], [80930.0, 7910.0], [80927.5, 13380.0], [80925.0, 14750.0], [80920.0, 8920.0], [80917.5, 24970.0], [80915.0, 4760.0], [80910.0, 8700.0], [80907.5, 30830.0], [80905.0, 4880.0], [80897.5, 1410.0], [80895.0, 4690.0], [80892.5, 600.0], [80890.0, 2000.0], [80887.5, 2080.0], [80885.0, 4750.0]], "asks": [[80955.0, 10.0], [80960.0, 4750.0], [80962.5, 1430.0], [80965.0, 9240.0], [80970.0, 20310.0], [80972.5, 15210.0], [80975.0, 4750.0], [80985.0, 1430.0], [80987.5, 4750.0], [80997.5, 1410.0], [81000.0, 4690.0], [81007.5, 8770.0], [81010.0, 30650.0], [81012.5, 4690.0], [81017.5, 7990.0], [81020.0, 24460.0], [81032.5, 1430.0], [81035.0, 4690.0], [81047.5, 11960.0], [81050.0, 39850.0]]}}}
{"jsonrpc": "2.0", "method": "subscription", "params": {"channel": "book.BTC-21MAR25.none.20.100ms", "data": {"timestamp": 1741569811461, "change_id": 91904510047, "instrument_name": "BTC-21MAR25", "bids": [[81032.5, 140.0], [81027.5, 3000.0], [81025.0, 10000.0], [81020.0, 25470.0], [81017.5, 50000.0], [81015.0, 34420.0], [81012.5, 13390.0], [80982.5, 4400.0], [80970.0, 4480.0], [80967.5, 20.0], [80962.5, 1370.0], [80960.0, 4570.0], [80922.5, 4490.0], [80920.0, 14970.0], [80915.0, 4470.0], [80905.0, 4490.0], [80895.0, 4510.0], [80887.5, 32820.0], [80885.0, 109400.0], [80875.0, 4480.0]], "asks": [[81042.5, 1350.0], [81045.0, 4500.0], [81050.0, 9470.0], [81052.5, 2800.0], [81055.0, 32670.0], [81057.5, 8580.0], [81060.0, 1510.0], [81062.5, 2800.0], [81065.0, 4570.0], [81070.0, 3120.0], [81072.5, 10000.0], [81097.5, 4510.0], [81107.5, 4570.0], [81115.0, 8930.0], [81117.5, 29760.0], [81122.5, 17010.0], [81125.0, 10500.0], [81127.5, 35000.0], [81135.0, 4500.0], [81147.5, 4470.0]]}}}
{"jsonrpc": "2.0", "method": "subscription", "params": {"channel": "book.BTC-14MAR25.none.20.100ms", "data": {"timestamp": 1741569811816, "change_id": 91904510254, "instrument_name": "BTC-14MAR25", "bids": [[80945.0, 10.0], [80940.0, 1360.0], [80937.5, 5780.0], [80935.0, 6120.0], [80932.5, 20000.0], [80930.0, 7910.0], [80927.5, 13380.0], [80925.0, 14750.0], [80920.0, 8920.0], [80917.5, 24970.0], [80915.0, 4760.0], [80910.0, 8700.0], [80907.5, 30830.0], [80905.0, 4880.0], [80897.5, 1410.0], [80895.0, 4690.0], [80892.5, 600.0], [80890.0, 2000.0], [80887.5, 2080.0], [80885.0, 4750.0]], "asks": [[80955.0, 10.0], [80962.5, 1430.0], [80965.0, 9240.0], [80970.0, 20310.0], [80972.5, 15210.0], [80975.0, 4750.0], [80985.0, 1430.0], [80987.5, 4750.0], [80997.5, 1410.0], [81000.0, 4690.0], [81007.5, 8770.0], [81010.0, 30650.0], [81012.5, 4690.0], [81017.5, 7990.0], [81020.0, 24460.0], [81032.5, 1430.0], [81035.0, 4690.0], [81047.5, 11960.0], [81050.0, 39850.0], [81075.0, 1430.0]]}}}
{"jsonrpc": "2.0", "method": "subscription", "params": {"channel": "book.BTC-21MAR25.none.20.100ms", "data": {"timestamp": 1741569811865, "change_id": 91904510286, "instrument_name": "BTC-21MAR25", "bids": [[81032.5, 140.0], [81027.5, 3000.0], [81025.0, 11370.0], [81022.5, 4570.0], [81020.0, 25470.0], [81017.5, 50000.0], [81015.0, 34420.0], [81012.5, 13390.0], [80982.5, 4400.0], [80970.0, 4480.0], [80967.5, 20.0], [80962.5, 1370.0], [80960.0, 4570.0], [80922.5, 4490.0], [80920.0, 14970.0], [80915.0, 4470.0], [80905.0, 4490.0], [80895.0, 4510.0], [80887.5, 32820.0], [80885.0, 109400.0]], "asks": [[81045.0, 1350.0], [81047.5, 4500.0], [81050.0, 9470.0], [81052.5, 2800.0], [81055.0, 32670.0], [81057.5, 8580.0], [81060.0, 1510.0], [81062.5, 2800.0], [81065.0, 4570.0], [81070.0, 3120.0], [81072.5, 10000.0], [81097.5, 4510.0], [81107.5, 4570.0], [81115.0, 8930.0], [81117.5, 29760.0], [81122.5, 17010.0], [81125.0, 10500.0], [81127.5, 35000.0], [81135.0, 4500.0], [81147.5, 4470.0]]}}}
{"jsonrpc": "2.0", "method": "subscription", "params": {"channel": "book.BTC-14MAR25.none.20.100ms", "data": {"timestamp": 1741569812290, "change_id": 91904511068, "instrument_name": "BTC-14MAR25", "bids": [[80950.0, 2850.0], [80947.5, 4750.0], [80945.0, 4760.0], [80940.0, 1360.0], [80937.5, 5780.0], [80935.0, 6120.0], [80932.5, 20000.0], [80930.0, 7910.0], [80927.5, 13380.0], [80925.0, 14750.0], [80920.0, 8920.0], [80917.5, 24970.0], [80915.0, 4760.0], [80910.0, 8700.0], [80907.5, 30830.0], [80905.0, 4880.0], [80897.5, 1410.0], [80895.0, 4690.0], [80892.5, 600.0], [80890.0, 2000.0]], "asks": [[80965.0, 4490.0], [80970.0, 20310.0], [80972.5, 15210.0], [80985.0, 1430.0], [80987.5, 4750.0], [80997.5, 1410.0], [81000.0, 4690.0], [81007.5, 8770.0], [81010.0, 30650.0], [81012.5, 4690.0], [81017.5, 7990.0], [81020.0, 24460.0], [81032.5, 1430.0], [81035.0, 4690.0], [81047.5, 11960.0], [81050.0, 39850.0], [81075.0, 1430.0], [81077.5, 4750.0], [81092.5, 1460.0], [81095.0, 4860.0]]}}}
{"jsonrpc": "2.0", "method": "subscription", "params": {"channel": "book.BTC-21MAR25.none.20.100ms", "data": {"timestamp": 1741569812280, "change_id": 91904511054, "instrument_name": "BTC-21MAR25", "bids": [[81032.5, 140.0], [81027.5, 3000.0], [81025.0, 11370.0], [81022.5, 4570.0], [81020.0, 25470.0], [81017.5, 50000.0], [81015.0, 34420.0], [81012.5, 13390.0], [80982.5, 4400.0], [80970.0, 4480.0], [80967.5, 20.0], [80962.5, 1370.0], [80960.0, 4570.0], [80922.5, 4490.0], [80920.0, 14970.0], [80915.0, 4470.0], [80905.0, 4490.0], [80895.0, 4510.0], [80887.5, 32820.0], [80885.0, 109400.0]], "asks": [[81047.5, 1350.0], [81050.0, 13970.0], [81052.5, 2800.0], [81055.0, 28100.0], [81057.5, 8580.0], [81060.0, 1510.0], [81062.5, 2800.0], [81065.0, 4570.0], [81070.0, 3120.0], [81072.5, 10000.0], [81097.5, 4510.0], [81107.5, 4570.0], [81115.0, 8930.0], [81117.5, 29760.0], [81122.5, 17010.0], [81125.0, 10500.0], [81127.5, 35000.0], [81135.0, 4500.0], [81147.5, 4470.0], [81155.0, 6560.0]]}}}
{"jsonrpc": "2.0", "method": "subscription", "params": {"channel": "book.BTC-14MAR25.none.20.100ms", "data": {"timestamp": 1741569812413, "change_id": 91904511173, "instrument_name": "BTC-14MAR25", "bids": [[80950.0, 1430.0], [80945.0, 4760.0], [80940.0, 1360.0], [80937.5, 5780.0], [80935.0, 6120.0], [80932.5, 20000.0], [80930.0, 7910.0], [80927.5, 13380.0], [80925.0, 14750.0], [80920.0, 8920.0], [80917.5, 24970.0], [80915.0, 4760.0], [80910.0, 8700.0], [80907.5, 30830.0], [80905.0, 4880.0], [80897.5, 1410.0], [80895.0, 4690.0], [80892.5, 600.0], [80890.0, 2000.0], [80887.5, 2080.0]], "asks": [[80960.0, 10.0], [80965.0, 9240.0], [80970.0, 20310.0], [80972.5, 15210.0], [80975.0, 4780.0], [80985.0, 1430.0], [80987.5, 4750.0], [80997.5, 1410.0], [81000.0, 4690.0], [81007.5, 8770.0], [81010.0, 30650.0], [81012.5, 4690.0], [81017.5, 7990.0], [81020.0, 24460.0], [81032.5, 1430.0], [81035.0, 4690.0], [81047.5, 11960.0], [81050.0, 39850.0], [81075.0, 1430.0], [81077.5, 4750.0]]}}}
{"jsonrpc": "2.0", "method": "subscription", "params": {"channel": "book.BTC-21MAR25.none.20.100ms", "data": {"timestamp": 1741569812573, "change_id": 91904511407, "instrument_name": "BTC-21MAR25", "bids": [[81032.5, 980.0], [81030.0, 2800.0], [81027.5, 3000.0], [81025.0, 11380.0], [81022.5, 4600.0], [81020.0, 25470.0], [81017.5, 50000.0], [81015.0, 34420.0], [81012.5, 13390.0], [80982.5, 4400.0], [80972.5, 1340.0], [80970.0, 4480.0], [80967.5, 20.0], [80962.5, 1370.0], [80960.0, 4570.0], [80922.5, 4490.0], [80920.0, 14970.0], [80917.5, 1340.0], [80915.0, 4470.0], [80905.0, 4490.0]], "asks": [[81045.0, 2700.0], [81047.5, 4500.0], [81050.0, 13970.0], [81052.5, 2800.0], [81055.0, 32700.0], [81057.5, 8580.0], [81060.0, 1510.0], [81062.5, 2800.0], [81065.0, 4570.0], [81070.0, 3120.0], [81072.5, 10000.0], [81097.5, 4510.0], [81105.0, 1370.0], [81107.5, 4570.0], [81115.0, 8930.0], [81117.5, 29760.0], [81122.5, 17010.0], [81125.0, 10500.0], [81127.5, 35000.0], [81135.0, 4500.0]]}}}
{"jsonrpc": "2.0", "method": "subscription", "params": {"channel": "book.BTC-14MAR25.none.20.100ms", "data": {"timestamp": 1741569812805, "change_id": 91904511673, "instrument_name": "BTC-14MAR25", "bids": [[80955.0, 10.0], [80950.0, 1430.0], [80945.0, 4750.0], [80940.0, 3030.0], [80937.5, 5780.0], [80935.0, 10900.0], [80932.5, 20000.0], [80930.0, 7910.0], [80927.5, 13380.0], [80925.0, 14750.0], [80920.0, 8920.0], [80917.5, 24970.0], [80915.0, 4760.0], [80910.0, 8700.0], [80907.5, 30830.0], [80905.0, 4880.0], [80897.5, 1410.0], [80895.0, 4690.0], [80892.5, 600.0], [80890.0, 2000.0]], "asks": [[80967.5, 4730.0], [80970.0, 20310.0], [80972.5, 15210.0], [80975.0, 1430.0], [80977.5, 4780.0], [80985.0, 1430.0], [80987.5, 4750.0], [80997.5, 1410.0], [81000.0, 4690.0], [81007.5, 8770.0], [81010.0, 30650.0], [81012.5, 4690.0], [81017.5, 7990.0], [81020.0, 24460.0], [81032.5, 1430.0], [81035.0, 4690.0], [81047.5, 11960.0], [81050.0, 39850.0], [81075.0, 1430.0], [81077.5, 4750.0]]}}}
{"jsonrpc": "2.0", "method": "subscription", "params": {"channel": "book.BTC-21MAR25.none.20.100ms", "data": {"timestamp": 1741569812746, "change_id": 91904511591, "instrument_name": "BTC-21MAR25", "bids": [[81032.5, 980.0], [81030.0, 2800.0], [81027.5, 3000.0], [81025.0, 11380.0], [81022.5, 4600.0], [81020.0, 25470.0], [81017.5, 50000.0], [81015.0, 34420.0], [81012.5, 13390.0], [80982.5, 4400.0], [80972.5, 1340.0], [80970.0, 4480.0], [80967.5, 20.0], [80962.5, 1370.0], [80960.0, 4570.0], [80922.5, 4490.0], [80920.0, 14970.0], [80917.5, 1340.0], [80915.0, 4470.0], [80905.0, 4490.0]], "asks": [[81050.0, 9470.0], [81052.5, 2800.0], [81055.0, 28100.0], [81057.5, 8580.0], [81060.0, 1510.0], [81062.5, 2800.0], [81065.0, 4570.0], [81070.0, 3120.0], [81072.5, 10000.0], [81097.5, 4510.0], [81105.0, 1370.0], [81107.5, 4570.0], [81115.0, 8930.0], [81117.5, 29760.0], [81122.5, 17010.0], [81125.0, 10500.0], [81127.5, 35000.0], [81135.0, 4500.0], [81147.5, 4470.0], [81155.0, 6560.0]]}}}
{"jsonrpc": "2.0", "method": "subscription", "params": {"channel": "book.BTC-14MAR25.none.20.100ms", "data": {"timestamp": 1741569813103, "change_id": 91904512025, "instrument_name": "BTC-14MAR25", "bids": [[80950.0, 1430.0], [80945.0, 4750.0], [80940.0, 3030.0], [80937.5, 5780.0], [80935.0, 10900.0], [80932.5, 20000.0], [80930.0, 7910.0], [80927.5, 13380.0], [80925.0, 14750.0], [80920.0, 8920.0], [80917.5, 24970.0], [80915.0, 4760.0], [80910.0, 8700.0], [80907.5, 30830.0], [80905.0, 4880.0], [80897.5, 1410.0], [80895.0, 4690.0], [80892.5, 600.0], [80890.0, 2000.0], [80887.5, 2080.0]], "asks": [[80962.5, 10.0], [80967.5, 9480.0], [80970.0, 20310.0], [80972.5, 15210.0], [80975.0, 1430.0], [80977.5, 4780.0], [80985.0, 1430.0], [80987.5, 4750.0], [80997.5, 1410.0], [81000.0, 4690.0], [81007.5, 8770.0], [81010.0, 30650.0], [81012.5, 4690.0], [81017.5, 7990.0], [81020.0, 24460.0], [81032.5, 1430.0], [81035.0, 4690.0], [81047.5, 11960.0], [81050.0, 39850.0], [81075.0, 1430.0]]}}}
{"jsonrpc": "2.0", "method": "subscription", "params": {"channel": "book.BTC-21MAR25.none.20.100ms", "data": {"timestamp": 1741569813245, "change_id": 91904512427, "instrument_name": "BTC-21MAR25", "bids": [[81032.5, 980.0], [81030.0, 2800.0], [81027.5, 3000.0], [81025.0, 11380.0], [81022.5, 4600.0], [81020.0, 25470.0], [81017.5, 50000.0], [81015.0, 34420.0], [81012.5, 13390.0], [80982.5, 4400.0], [80972.5, 1340.0], [80970.0, 4480.0], [80967.5, 20.0], [80962.5, 1370.0], [80960.0, 4570.0], [80922.5, 4490.0], [80920.0, 14970.0], [80917.5, 1340.0], [80915.0, 4470.0], [80905.0, 4490.0]], "asks": [[81045.0, 2700.0], [81047.5, 4500.0], [81050.0, 13970.0], [81052.5, 2800.0], [81055.0, 28100.0], [81057.5, 8580.0], [81060.0, 1510.0], [81062.5, 2800.0], [81065.0, 4570.0], [81070.0, 3120.0], [81072.5, 10000.0], [81097.5, 4510.0], [81105.0, 1370.0], [81107.5, 4570.0], [81115.0, 8930.0], [81117.5, 29760.0], [81122.5, 17010.0], [81125.0, 10500.0], [81127.5, 35000.0], [81135.0, 4500.0]]}}}
{"jsonrpc": "2.0", "method": "subscription", "params": {"channel": "book.BTC-14MAR25.none.20.100ms", "data": {"timestamp": 1741569813582, "change_id": 91904512776, "instrument_name": "BTC-14MAR25", "bids": [[80950.0, 1430.0], [80945.0, 4870.0], [80940.0, 3030.0], [80937.5, 5780.0], [80935.0, 10780.0], [80932.5, 20000.0], [80930.0, 7910.0], [80927.5, 13380.0], [80925.0, 14750.0], [80920.0, 8920.0], [80917.5, 24970.0], [80915.0, 4760.0], [80910.0, 8700.0], [80907.5, 30830.0], [80905.0, 4880.0], [80897.5, 1410.0], [80895.0, 4690.0], [80892.5, 600.0], [80890.0, 2000.0], [80887.5, 2080.0]], "asks": [[80962.5, 10.0], [80967.5, 9480.0], [80970.0, 20310.0], [80972.5, 15210.0], [80975.0, 1430.0], [80977.5, 4780.0], [80985.0, 1430.0], [80987.5, 4750.0], [80997.5, 1410.0], [81000.0, 4690.0], [81007.5, 8770.0], [81010.0, 30650.0], [81012.5, 4690.0], [81017.5, 7990.0], [81020.0, 24460.0], [81032.5, 1430.0], [81035.0, 4690.0], [81047.5, 11960.0], [81050.0, 39850.0], [81075.0, 1430.0]]}}}
{"jsonrpc": "2.0", "method": "subscription", "params": {"channel": "book.BTC-21MAR25.none.20.100ms", "data": {"timestamp": 1741569813532, "change_id": 91904512732, "instrument_name": "BTC-21MAR25", "bids": [[81032.5, 980.0], [81030.0, 2800.0], [81027.5, 3000.0], [81025.0, 11380.0], [81022.5, 4600.0], [81020.0, 25470.0], [81017.5, 50000.0], [81015.0, 34420.0], [81012.5, 13390.0], [80985.0, 1320.0], [80982.5, 4400.0], [80972.5, 1340.0], [80970.0, 4480.0], [80967.5, 20.0], [80962.5, 1370.0], [80960.0, 4570.0], [80922.5, 4490.0], [80920.0, 14970.0], [80917.5, 1340.0], [80915.0, 4470.0]], "asks": [[81045.0, 1350.0], [81050.0, 13970.0], [81052.5, 2800.0], [81055.0, 28100.0], [81057.5, 8580.0], [81060.0, 1510.0], [81062.5, 2800.0], [81065.0, 4570.0], [81070.0, 3120.0], [81072.5, 10000.0], [81095.0, 1350.0], [81097.5, 4510.0], [81105.0, 1370.0], [81107.5, 4570.0], [81115.0, 8930.0], [81117.5, 29760.0], [81122.5, 17010.0], [81125.0, 10500.0], [81127.5, 35000.0], [81132.5, 1350.0]]}}}
{"jsonrpc": "2.0", "method": "subscription", "params": {"channel": "book.BTC-14MAR25.none.20.100ms", "data": {"timestamp": 1741569813950, "change_id": 91904513079, "instrument_name": "BTC-14MAR25", "bids": [[80945.0, 120.0], [80940.0, 1360.0], [80937.5, 5780.0], [80935.0, 6000.0], [80932.5, 20000.0], [80930.0, 7910.0], [80927.5, 13380.0], [80925.0, 14750.0], [80920.0, 8920.0], [80917.5, 24970.0], [80915.0, 4760.0], [80910.0, 8700.0], [80907.5, 30830.0], [80905.0, 4880.0], [80897.5, 1410.0], [80895.0, 4690.0], [80892.5, 600.0], [80890.0, 2000.0], [80887.5, 2080.0], [80885.0, 4750.0]], "asks": [[80957.5, 10.0], [80962.5, 4750.0], [80967.5, 9480.0], [80970.0, 20310.0], [80972.5, 15210.0], [80975.0, 1430.0], [80977.5, 4780.0], [80985.0, 1430.0], [80987.5, 4750.0], [80997.5, 1410.0], [81000.0, 4690.0], [81007.5, 8770.0], [81010.0, 30650.0], [81012.5, 4690.0], [81017.5, 7990.0], [81020.0, 24460.0], [81032.5, 1430.0], [81035.0, 4690.0], [81047.5, 11960.0], [81050.0, 39850.0]]}}}
{"jsonrpc": "2.0", "method": "subscription", "params": {"channel": "book.BTC-21MAR25.none.20.100ms", "data": {"timestamp": 1741569813973, "change_id": 91904513116, "instrument_name": "BTC-21MAR25", "bids": [[81032.5, 140.0], [81027.5, 3000.0], [81025.0, 10000.0], [81020.0, 25470.0], [81017.5, 50000.0], [81015.0, 34420.0], [81012.5, 13390.0], [80985.0, 1320.0], [80982.5, 4400.0], [80972.5, 1340.0], [80970.0, 4480.0], [80967.5, 20.0], [80962.5, 1370.0], [80960.0, 4570.0], [80922.5, 4490.0], [80920.0, 14970.0], [80917.5, 1340.0], [80915.0, 4470.0], [80907.5, 1350.0], [80905.0, 4490.0]], "asks": [[81042.5, 1350.0], [81045.0, 4500.0], [81050.0, 9470.0], [81052.5, 2800.0], [81055.0, 32700.0], [81057.5, 8580.0], [81060.0, 1510.0], [81062.5, 2800.0], [81065.0, 4570.0], [81070.0, 3120.0], [81072.5, 10000.0], [81095.0, 1350.0], [81097.5, 4510.0], [81105.0, 1370.0], [81107.5, 4570.0], [81115.0, 8930.0], [81117.5, 29760.0], [81122.5, 17010.0], [81125.0, 10500.0], [81127.5, 35000.0]]}}}
{"jsonrpc": "2.0", "method": "subscription", "params": {"channel": "book.BTC-14MAR25.none.20.100ms", "data": {"timestamp": 1741569814304, "change_id": 91904513814, "instrument_name": "BTC-14MAR25", "bids": [[80950.0, 10.0], [80945.0, 120.0], [80942.5, 1150.0], [80940.0, 3840.0], [80935.0, 6000.0], [80932.5, 20000.0], [80930.0, 7910.0], [80927.5, 13380.0], [80925.0, 18590.0], [80920.0, 8920.0], [80917.5, 24970.0], [80915.0, 4760.0], [80910.0, 8700.0], [80907.5, 30830.0], [80905.0, 4880.0], [80897.5, 1410.0], [80895.0, 4690.0], [80892.5, 600.0], [80890.0, 2000.0], [80887.5, 2080.0]], "asks": [[80957.5, 10.0], [80965.0, 5580.0], [80967.5, 4750.0], [80970.0, 18370.0], [80972.5, 15210.0], [80975.0, 1430.0], [80977.5, 4780.0], [80985.0, 1430.0], [80987.5, 4750.0], [80997.5, 2380.0], [81000.0, 8530.0], [81007.5, 8770.0], [81010.0, 30650.0], [81012.5, 4690.0], [81017.5, 7990.0], [81020.0, 24460.0], [81032.5, 1430.0], [81035.0, 4690.0], [81047.5, 11960.0], [81050.0, 39850.0]]}}}
{"jsonrpc": "2.0", "method": "subscription", "params": {"channel": "book.BTC-21MAR25.none.20.100ms", "data": {"timestamp": 1741569814298, "change_id": 91904513806, "instrument_name": "BTC-21MAR25", "bids": [[81032.5, 140.0], [81027.5, 3000.0], [81025.0, 10000.0], [81020.0, 25470.0], [81017.5, 50000.0], [81015.0, 32310.0], [81012.5, 13390.0], [80985.0, 1320.0], [80982.5, 4400.0], [80972.5, 1340.0], [80970.0, 4480.0], [80967.5, 20.0], [80962.5, 1370.0], [80960.0, 4570.0], [80925.0, 14970.0], [80917.5, 1340.0], [80915.0, 4470.0], [80907.5, 1350.0], [80905.0, 4490.0], [80895.0, 4510.0]], "asks": [[81042.5, 1350.0], [81045.0, 4500.0], [81047.5, 1100.0], [81050.0, 13140.0], [81052.5, 2800.0], [81055.0, 31180.0], [81057.5, 2800.0], [81060.0, 1510.0], [81062.5, 2800.0], [81065.0, 4570.0], [81070.0, 3120.0], [81072.5, 10000.0], [81095.0, 1350.0], [81097.5, 4510.0], [81105.0, 1370.0], [81107.5, 4570.0], [81115.0, 8930.0], [81117.5, 29760.0], [81122.5, 17010.0], [81125.0, 10500.0]]}}}
{"jsonrpc": "2.0", "method": "subscription", "params": {"channel": "book.BTC-14MAR25.none.20.100ms", "data": {"timestamp": 1741569814479, "change_id": 91904514036, "instrument_name": "BTC-14MAR25", "bids": [[80950.0, 10.0], [80945.0, 120.0], [80942.5, 1150.0], [80940.0, 3840.0], [80935.0, 6000.0], [80932.5, 20000.0], [80930.0, 7910.0], [80927.5, 13380.0], [80925.0, 18590.0], [80920.0, 8920.0], [80917.5, 24970.0], [80915.0, 4760.0], [80910.0, 1460.0], [80905.0, 4880.0], [80902.5, 30830.0], [80897.5, 1410.0], [80895.0, 4690.0], [80892.5, 600.0], [80890.0, 2000.0], [80887.5, 2080.0]], "asks": [[80957.5, 10.0], [80965.0, 5580.0], [80967.5, 4750.0], [80970.0, 18370.0], [80972.5, 15210.0], [80975.0, 1430.0], [80977.5, 4780.0], [80985.0, 1430.0], [80987.5, 4750.0], [80997.5, 2380.0], [81000.0, 8530.0], [81007.5, 8770.0], [81010.0, 30650.0], [81012.5, 4690.0], [81017.5, 7990.0], [81020.0, 24460.0], [81032.5, 1430.0], [81035.0, 4690.0], [81047.5, 11960.0], [81050.0, 39850.0]]}}}
{"jsonrpc": "2.0", "method": "subscription", "params": {"channel": "book.BTC-21MAR25.none.20.100ms", "data": {"timestamp": 1741569814334, "change_id": 91904513845, "instrument_name": "BTC-21MAR25", "bids": [[81032.5, 140.0], [81027.5, 3000.0], [81025.0, 10000.0], [81020.0, 25470.0], [81017.5, 50000.0], [81015.0, 32310.0], [81012.5, 17990.0], [81000.0, 3670.0], [80985.0, 1320.0], [80982.5, 4400.0], [80972.5, 1340.0], [80970.0, 4480.0], [80967.5, 20.0], [80962.5, 1370.0], [80960.0, 4570.0], [80925.0, 14970.0], [80917.5, 1340.0], [80915.0, 4470.0], [80907.5, 1350.0], [80905.0, 4490.0]], "asks": [[81042.5, 1350.0], [81045.0, 4500.0], [81047.5, 1100.0], [81050.0, 13140.0], [81052.5, 2800.0], [81055.0, 31180.0], [81057.5, 2800.0], [81060.0, 1510.0], [81062.5, 2800.0], [81065.0, 4570.0], [81070.0, 3120.0], [81072.5, 10000.0], [81075.0, 3670.0], [81095.0, 1350.0], [81097.5, 4510.0], [81105.0, 1370.0], [81107.5, 4570.0], [81115.0, 8930.0], [81117.5, 29760.0], [81122.5, 17010.0]]}}}
{"jsonrpc": "2.0", "method": "subscription", "params": {"channel": "book.BTC-14MAR25.none.20.100ms", "data": {"timestamp": 1741569814898, "change_id": 91904514302, "instrument_name": "BTC-14MAR25", "bids": [[80945.0, 120.0], [80942.5, 1150.0], [80940.0, 3840.0], [80935.0, 6000.0], [80932.5, 20000.0], [80930.0, 7910.0], [80927.5, 13380.0], [80925.0, 18590.0], [80920.0, 8920.0], [80917.5, 24970.0], [80915.0, 4760.0], [80910.0, 1460.0], [80905.0, 4880.0], [80902.5, 30830.0], [80897.5, 1410.0], [80895.0, 4690.0], [80892.5, 600.0], [80890.0, 2000.0], [80887.5, 2080.0], [80885.0, 4750.0]], "asks": [[80957.5, 10.0], [80965.0, 5580.0], [80967.5, 9530.0], [80970.0, 18370.0], [80972.5, 15210.0], [80975.0, 1430.0], [80977.5, 4780.0], [80985.0, 1430.0], [80987.5, 4750.0], [80997.5, 2380.0], [81000.0, 8530.0], [81007.5, 8770.0], [81010.0, 30650.0], [81012.5, 4690.0], [81017.5, 7990.0], [81020.0, 24460.0], [81032.5, 1430.0], [81035.0, 4690.0], [81047.5, 11960.0], [81050.0, 39850.0]]}}}
{"jsonrpc": "2.0", "method": "subscription", "params": {"channel": "book.BTC-21MAR25.none.20.100ms", "data": {"timestamp": 1741569814900, "change_id": 91904514305, "instrument_name": "BTC-21MAR25", "bids": [[81032.5, 140.0], [81027.5, 2740.0], [81025.0, 10000.0], [81020.0, 25470.0], [81017.5, 50000.0], [81015.0, 32310.0], [81012.5, 17990.0], [81002.5, 1100.0], [81000.0, 3670.0], [80985.0, 1320.0], [80982.5, 4400.0], [80972.5, 1340.0], [80970.0, 4480.0], [80967.5, 20.0], [80962.5, 1370.0], [80960.0, 4570.0], [80927.5, 4490.0], [80925.0, 14970.0], [80917.5, 1340.0], [80915.0, 4470.0]], "asks": [[81037.5, 1350.0], [81040.0, 4500.0], [81047.5, 1100.0], [81050.0, 13140.0], [81052.5, 2800.0], [81055.0, 31180.0], [81057.5, 2800.0], [81060.0, 1510.0], [81062.5, 2800.0], [81065.0, 4570.0], [81070.0, 3120.0], [81072.5, 10000.0], [81075.0, 3670.0], [81095.0, 1350.0], [81097.5, 4510.0], [81105.0, 1370.0], [81107.5, 4570.0], [81115.0, 8930.0], [81117.5, 29760.0], [81120.0, 5100.0]]}}}
{"jsonrpc": "2.0", "method": "subscription", "params": {"channel": "book.BTC-14MAR25.none.20.100ms", "data": {"timestamp": 1741569815225, "change_id": 91904515173, "instrument_name": "BTC-14MAR25", "bids": [[80955.0, 2850.0], [80952.5, 4750.0], [80950.0, 4760.0], [80945.0, 120.0], [80942.5, 1150.0], [80940.0, 3840.0], [80937.5, 1430.0], [80935.0, 10780.0], [80932.5, 20000.0], [80930.0, 7910.0], [80927.5, 13380.0], [80925.0, 18590.0], [80920.0, 8920.0], [80917.5, 24970.0], [80915.0, 4760.0], [80910.0, 1460.0], [80905.0, 4880.0], [80902.5, 30830.0], [80897.5, 1410.0], [80895.0, 4690.0]], "asks": [[80970.0, 10000.0], [80972.5, 15090.0], [80975.0, 1150.0], [80977.5, 3840.0], [80985.0, 1550.0], [80987.5, 4750.0], [80997.5, 2380.0], [81000.0, 8530.0], [81005.0, 650.0], [81007.5, 8770.0], [81010.0, 30650.0], [81012.5, 4690.0], [81017.5, 7340.0], [81020.0, 24460.0], [81032.5, 1430.0], [81035.0, 4690.0], [81047.5, 11960.0], [81050.0, 39850.0], [81075.0, 1430.0], [81077.5, 4750.0]]}}}
{"jsonrpc": "2.0", "method": "subscription", "params": {"channel": "book.BTC-21MAR25.none.20.100ms", "data": {"timestamp": 1741569815208, "change_id": 91904515151, "instrument_name": "BTC-21MAR25", "bids": [[81035.0, 1390.0], [81032.5, 4640.0], [81027.5, 2740.0], [81025.0, 12310.0], [81022.5, 8270.0], [81020.0, 25470.0], [81017.5, 50000.0], [81015.0, 28640.0], [81012.5, 17990.0], [81002.5, 1100.0], [81000.0, 3670.0], [80985.0, 1320.0], [80982.5, 4400.0], [80972.5, 1340.0], [80970.0, 4480.0], [80967.5, 20.0], [80962.5, 1370.0], [80960.0, 4570.0], [80927.5, 4490.0], [80925.0, 14970.0]], "asks": [[81052.5, 10270.0], [81055.0, 26580.0], [81057.5, 6470.0], [81060.0, 1510.0], [81062.5, 2800.0], [81065.0, 4570.0], [81070.0, 3120.0], [81072.5, 10000.0], [81075.0, 3670.0], [81095.0, 1350.0], [81097.5, 4510.0], [81105.0, 1370.0], [81107.5, 4570.0], [81115.0, 8930.0], [81117.5, 29760.0], [81120.0, 5100.0], [81122.5, 17010.0], [81125.0, 10500.0], [81127.5, 35000.0], [81147.5, 4470.0]]}}}
{"jsonrpc": "2.0", "method": "subscription", "params": {"channel": "book.BTC-14MAR25.none.20.100ms", "data": {"timestamp": 1741569815514, "change_id": 91904515702, "instrument_name": "BTC-14MAR25", "bids": [[80950.0, 10.0], [80945.0, 120.0], [80942.5, 1150.0], [80940.0, 3840.0], [80935.0, 6000.0], [80932.5, 20000.0], [80930.0, 7910.0], [80927.5, 13380.0], [80925.0, 18590.0], [80920.0, 8920.0], [80917.5, 24970.0], [80915.0, 4760.0], [80910.0, 1460.0], [80905.0, 4880.0], [80902.5, 30830.0], [80897.5, 1410.0], [80895.0, 4690.0], [80892.5, 600.0], [80890.0, 2000.0], [80887.5, 1430.0]], "asks": [[80957.5, 10.0], [80962.5, 4750.0], [80965.0, 5850.0], [80967.5, 4750.0], [80970.0, 18390.0], [80972.5, 15090.0], [80975.0, 2440.0], [80977.5, 8620.0], [80985.0, 1550.0], [80987.5, 4750.0], [80997.5, 2380.0], [81000.0, 8530.0], [81005.0, 650.0], [81007.5, 8770.0], [81010.0, 30650.0], [81012.5, 4690.0], [81017.5, 7340.0], [81020.0, 24460.0], [81032.5, 1430.0], [81035.0, 4690.0]]}}}
{"jsonrpc": "2.0", "method": "subscription", "params": {"channel": "book.BTC-21MAR25.none.20.100ms", "data": {"timestamp": 1741569815497, "change_id": 91904515679, "instrument_name": "BTC-21MAR25", "bids": [[81035.0, 10000.0], [81032.5, 140.0], [81025.0, 1380.0], [81022.5, 3670.0], [81020.0, 25470.0], [81017.5, 50000.0], [81015.0, 28640.0], [81012.5, 17990.0], [81002.5, 1100.0], [81000.0, 3670.0], [80985.0, 1320.0], [80982.5, 4400.0], [80972.5, 1340.0], [80970.0, 4480.0], [80967.5, 20.0], [80962.5, 1370.0], [80960.0, 4570.0], [80927.5, 4490.0], [80925.0, 14970.0], [80917.5, 1340.0]], "asks": [[81042.5, 3640.0], [81045.0, 7180.0], [81047.5, 7300.0], [81050.0, 7300.0], [81052.5, 10270.0], [81055.0, 31180.0], [81057.5, 6470.0], [81060.0, 1510.0], [81062.5, 2800.0], [81065.0, 4570.0], [81070.0, 3120.0], [81072.5, 10000.0], [81075.0, 3670.0], [81095.0, 1350.0], [81097.5, 4510.0], [81105.0, 1370.0], [81107.5, 4570.0], [81115.0, 8930.0], [81117.5, 29760.0], [81120.0, 5100.0]]}}}
{"jsonrpc": "2.0", "method": "subscription", "params": {"channel": "book.BTC-14MAR25.none.20.100ms", "data": {"timestamp": 1741569815730, "change_id": 91904515896, "instrument_name": "BTC-14MAR25", "bids": [[80950.0, 10.0], [80945.0, 120.0], [80942.5, 1150.0], [80940.0, 3840.0], [80935.0, 6000.0], [80932.5, 20000.0], [80930.0, 7910.0], [80927.5, 13380.0], [80925.0, 18590.0], [80920.0, 8920.0], [80917.5, 24970.0], [80915.0, 4760.0], [80910.0, 1460.0], [80905.0, 4880.0], [80902.5, 30830.0], [80897.5, 1410.0], [80895.0, 4690.0], [80892.5, 600.0], [80890.0, 2000.0], [80887.5, 1430.0]], "asks": [[80957.5, 10.0], [80965.0, 5850.0], [80967.5, 4750.0], [80970.0, 13640.0], [80972.5, 15090.0], [80975.0, 2440.0], [80977.5, 8620.0], [80985.0, 1550.0], [80987.5, 4750.0], [80997.5, 2380.0], [81000.0, 8530.0], [81005.0, 650.0], [81007.5, 8770.0], [81010.0, 30650.0], [81012.5, 4690.0], [81017.5, 7340.0], [81020.0, 24460.0], [81032.5, 1430.0], [81035.0, 4690.0], [81047.5, 11960.0]]}}}
{"jsonrpc": "2.0", "method": "subscription", "params": {"channel": "book.BTC-14MAR25.none.20.100ms", "data": {"timestamp": 1741569816232, "change_id": 91904516489, "instrument_name": "BTC-14MAR25", "bids": [[80945.0, 120.0], [80942.5, 1150.0], [80940.0, 3840.0], [80935.0, 6000.0], [80932.5, 20000.0], [80930.0, 7910.0], [80927.5, 13380.0], [80925.0, 18590.0], [80920.0, 8920.0], [80917.5, 24970.0], [80915.0, 4760.0], [80910.0, 1460.0], [80905.0, 14130.0], [80902.5, 30830.0], [80897.5, 1410.0], [80895.0, 4690.0], [80892.5, 600.0], [80890.0, 2000.0], [80887.5, 1430.0], [80885.0, 5400.0]], "asks": [[80957.5, 10.0], [80965.0, 5850.0], [80967.5, 9530.0], [80970.0, 17480.0], [80972.5, 15090.0], [80975.0, 1150.0], [80977.5, 4780.0], [80985.0, 1550.0], [80987.5, 4750.0], [80997.5, 2380.0], [81000.0, 8530.0], [81005.0, 650.0], [81007.5, 8770.0], [81010.0, 30650.0], [81012.5, 4690.0], [81017.5, 7340.0], [81020.0, 24460.0], [81032.5, 1430.0], [81035.0, 4690.0], [81047.5, 11960.0]]}}}
{"jsonrpc": "2.0", "method": "subscription", "params": {"channel": "book.BTC-21MAR25.none.20.100ms", "data": {"timestamp": 1741569816271, "change_id": 91904516819, "instrument_name": "BTC-21MAR25", "bids": [[81035.0, 10000.0], [81032.5, 140.0], [81020.0, 25470.0], [81017.5, 50000.0], [81015.0, 32310.0], [81012.5, 17990.0], [81002.5, 1100.0], [81000.0, 3670.0], [80985.0, 1320.0], [80982.5, 4400.0], [80972.5, 1340.0], [80970.0, 4480.0], [80967.5, 20.0], [80962.5, 1370.0], [80960.0, 4570.0], [80927.5, 4490.0], [80925.0, 14970.0], [80917.5, 1340.0], [80915.0, 4470.0], [80907.5, 1350.0]], "asks": [[81040.0, 4480.0], [81042.5, 2800.0], [81045.0, 5370.0], [81047.5, 2800.0], [81050.0, 6470.0], [81052.5, 10270.0], [81055.0, 31180.0], [81057.5, 2800.0], [81060.0, 1510.0], [81062.5, 2800.0], [81065.0, 4570.0], [81070.0, 3120.0], [81072.5, 10000.0], [81075.0, 3670.0], [81095.0, 1350.0], [81097.5, 4510.0], [81105.0, 1370.0], [81107.5, 4570.0], [81115.0, 8930.0], [81117.5, 29760.0]]}}}
{"jsonrpc": "2.0", "method": "subscription", "params": {"channel": "book.BTC-14MAR25.none.20.100ms", "data": {"timestamp": 1741569816580, "change_id": 91904517148, "instrument_name": "BTC-14MAR25", "bids": [[80952.5, 10.0], [80947.5, 1460.0], [80945.0, 4870.0], [80942.5, 1150.0], [80940.0, 3840.0], [80935.0, 6000.0], [80932.5, 20000.0], [80930.0, 7910.0], [80927.5, 13380.0], [80925.0, 18590.0], [80915.0, 4760.0], [80910.0, 1460.0], [80905.0, 14130.0], [80902.5, 30830.0], [80900.0, 24250.0], [80897.5, 1410.0], [80895.0, 4690.0], [80892.5, 600.0], [80890.0, 2000.0], [80887.5, 1430.0]], "asks": [[80960.0, 10.0], [80962.5, 1430.0], [80965.0, 8900.0], [80970.0, 17480.0], [80972.5, 15090.0], [80975.0, 1270.0], [80977.5, 4780.0], [80985.0, 1430.0], [80987.5, 4750.0], [80997.5, 2380.0], [81000.0, 8530.0], [81005.0, 650.0], [81007.5, 8770.0], [81010.0, 30650.0], [81012.5, 4690.0], [81017.5, 7340.0], [81020.0, 24460.0], [81032.5, 1430.0], [81035.0, 4690.0], [81047.5, 11960.0]]}}}
{"jsonrpc": "2.0", "method": "subscription", "params": {"channel": "book.BTC-21MAR25.none.20.100ms", "data": {"timestamp": 1741569816617, "change_id": 91904517162, "instrument_name": "BTC-21MAR25", "bids": [[81035.0, 10000.0], [81032.5, 140.0], [81020.0, 16100.0], [81015.0, 57690.0], [81012.5, 17990.0], [81002.5, 1100.0], [81000.0, 10760.0], [80997.5, 23640.0], [80985.0, 1320.0], [80982.5, 4400.0], [80972.5, 1340.0], [80970.0, 4480.0], [80967.5, 20.0], [80962.5, 1370.0], [80960.0, 4570.0], [80927.5, 4490.0], [80925.0, 14970.0], [80917.5, 1340.0], [80915.0, 4470.0], [80907.5, 1350.0]], "asks": [[81042.5, 4150.0], [81045.0, 7070.0], [81047.5, 2800.0], [81050.0, 6470.0], [81052.5, 10270.0], [81055.0, 31180.0], [81057.5, 2800.0], [81060.0, 1510.0], [81062.5, 2800.0], [81065.0, 4570.0], [81070.0, 3120.0], [81072.5, 10000.0], [81075.0, 3670.0], [81095.0, 1350.0], [81097.5, 4510.0], [81105.0, 1370.0], [81107.5, 4570.0], [81115.0, 8930.0], [81117.5, 29760.0], [81120.0, 5100.0]]}}}
{"jsonrpc": "2.0", "method": "subscription", "params": {"channel": "book.BTC-14MAR25.none.20.100ms", "data": {"timestamp": 1741569816907, "change_id": 91904517379, "instrument_name": "BTC-14MAR25", "bids": [[80952.5, 10.0], [80947.5, 1460.0], [80945.0, 4870.0], [80942.5, 1150.0], [80940.0, 3840.0], [80935.0, 6000.0], [80932.5, 20000.0], [80930.0, 7910.0], [80927.5, 13380.0], [80925.0, 18590.0], [80915.0, 4760.0], [80910.0, 1460.0], [80905.0, 14130.0], [80902.5, 30830.0], [80900.0, 24250.0], [80897.5, 1410.0], [80895.0, 4690.0], [80892.5, 600.0], [80890.0, 2000.0], [80887.5, 1430.0]], "asks": [[80960.0, 10.0], [80967.5, 4150.0], [80970.0, 17480.0], [80972.5, 15090.0], [80975.0, 1270.0], [80977.5, 4780.0], [80985.0, 1430.0], [80987.5, 4750.0], [80997.5, 2380.0], [81000.0, 8530.0], [81005.0, 650.0], [81007.5, 8770.0], [81010.0, 30650.0], [81012.5, 4690.0], [81017.5, 7340.0], [81020.0, 24460.0], [81032.5, 1430.0], [81035.0, 4690.0], [81047.5, 11960.0], [81050.0, 39850.0]]}}}
{"jsonrpc": "2.0", "method": "subscription", "params": {"channel": "book.BTC-21MAR25.none.20.100ms", "data": {"timestamp": 1741569816908, "change_id": 91904517381, "instrument_name": "BTC-21MAR25", "bids": [[81035.0, 10000.0], [81032.5, 140.0], [81027.5, 1380.0], [81025.0, 4600.0], [81020.0, 16100.0], [81015.0, 57690.0], [81012.5, 17990.0], [81002.5, 1100.0], [81000.0, 10760.0], [80997.5, 23640.0], [80985.0, 1320.0], [80982.5, 4400.0], [80972.5, 1340.0], [80970.0, 4480.0], [80967.5, 20.0], [80962.5, 1370.0], [80960.0, 4570.0], [80927.5, 4490.0], [80925.0, 14970.0], [80917.5, 1340.0]], "asks": [[81042.5, 2800.0], [81047.5, 2800.0], [81050.0, 6470.0], [81052.5, 10270.0], [81055.0, 31180.0], [81057.5, 2800.0], [81060.0, 1510.0], [81062.5, 2800.0], [81065.0, 4570.0], [81070.0, 3120.0], [81072.5, 10000.0], [81075.0, 3670.0], [81095.0, 1350.0], [81097.5, 4510.0], [81105.0, 1370.0], [81107.5, 4570.0], [81115.0, 8930.0], [81117.5, 29760.0], [81120.0, 5100.0], [81122.5, 17010.0]]}}}
{"jsonrpc": "2.0", "method": "subscription", "params": {"channel": "book.BTC-14MAR25.none.20.100ms", "data": {"timestamp": 1741569817262, "change_id": 91904518256, "instrument_name": "BTC-14MAR25", "bids": [[80962.5, 10.0], [80960.0, 2850.0], [80957.5, 4750.0], [80955.0, 6180.0], [80952.5, 4750.0], [80950.0, 2470.0], [80947.5, 3840.0], [80945.0, 4900.0], [80937.5, 1430.0], [80935.0, 14780.0], [80930.0, 7910.0], [80927.5, 13380.0], [80925.0, 8590.0], [80917.5, 1430.0], [80915.0, 4760.0], [80910.0, 1460.0], [80905.0, 14130.0], [80902.5, 30830.0], [80900.0, 24250.0], [80897.5, 1410.0]], "asks": [[80965.0, 10.0], [80970.0, 10000.0], [80972.5, 15090.0], [80975.0, 1150.0], [80977.5, 3840.0], [80985.0, 1430.0], [80987.5, 4870.0], [80997.5, 2380.0], [81000.0, 8530.0], [81005.0, 650.0], [81007.5, 8770.0], [81010.0, 30650.0], [81012.5, 4690.0], [81017.5, 7340.0], [81020.0, 24460.0], [81032.5, 1430.0], [81035.0, 4690.0], [81047.5, 11960.0], [81050.0, 39850.0], [81075.0, 1430.0]]}}}
{"jsonrpc": "2.0", "method": "subscription", "params": {"channel": "book.BTC-21MAR25.none.20.100ms", "data": {"timestamp": 1741569817258, "change_id": 91904518215, "instrument_name": "BTC-21MAR25", "bids": [[81042.5, 2800.0], [81040.0, 5190.0], [81037.5, 4500.0], [81035.0, 10000.0], [81032.5, 140.0], [81027.5, 1380.0], [81025.0, 5700.0], [81022.5, 3670.0], [81015.0, 54020.0], [81012.5, 17990.0], [81002.5, 1100.0], [81000.0, 10760.0], [80997.5, 23640.0], [80985.0, 1320.0], [80982.5, 4400.0], [80972.5, 1340.0], [80970.0, 4480.0], [80967.5, 20.0], [80962.5, 1370.0], [80960.0, 4570.0]], "asks": [[81052.5, 2800.0], [81055.0, 26580.0], [81057.5, 6470.0], [81060.0, 840.0], [81062.5, 2800.0], [81070.0, 5110.0], [81072.5, 14600.0], [81075.0, 3670.0], [81082.5, 120.0], [81095.0, 1350.0], [81097.5, 4510.0], [81105.0, 1370.0], [81107.5, 4570.0], [81115.0, 8930.0], [81117.5, 29760.0], [81120.0, 5100.0], [81122.5, 17010.0], [81125.0, 10500.0], [81127.5, 35000.0], [81145.0, 1340.0]]}}}
{"jsonrpc": "2.0", "method": "subscription", "params": {"channel": "book.BTC-14MAR25.none.20.100ms", "data": {"timestamp": 1741569817593, "change_id": 91904518905, "instrument_name": "BTC-14MAR25", "bids": [[80960.0, 10.0], [80955.0, 1430.0], [80952.5, 4750.0], [80950.0, 1190.0], [80947.5, 3840.0], [80945.0, 120.0], [80937.5, 4260.0], [80935.0, 14780.0], [80925.0, 8590.0], [80917.5, 1430.0], [80915.0, 4760.0], [80912.5, 30830.0], [80910.0, 1460.0], [80905.0, 14130.0], [80900.0, 24250.0], [80897.5, 1410.0], [80895.0, 4690.0], [80892.5, 600.0], [80890.0, 2000.0], [80887.5, 1430.0]], "asks": [[80967.5, 10.0], [80972.5, 15090.0], [80975.0, 1150.0], [80977.5, 3840.0], [80980.0, 3000.0], [80982.5, 10000.0], [80985.0, 1430.0], [80987.5, 4870.0], [80997.5, 2380.0], [81000.0, 8530.0], [81005.0, 650.0], [81007.5, 8770.0], [81010.0, 30650.0], [81012.5, 4690.0], [81017.5, 7340.0], [81020.0, 24460.0], [81032.5, 1430.0], [81035.0, 4690.0], [81047.5, 11960.0], [81050.0, 39850.0]]}}}
{"jsonrpc": "2.0", "method": "subscription", "params": {"channel": "book.BTC-21MAR25.none.20.100ms", "data": {"timestamp": 1741569817594, "change_id": 91904518907, "instrument_name": "BTC-21MAR25", "bids": [[81040.0, 3000.0], [81035.0, 10000.0], [81032.5, 140.0], [81027.5, 1380.0], [81025.0, 5700.0], [81022.5, 3670.0], [81017.5, 15000.0], [81015.0, 54020.0], [81012.5, 4600.0], [81002.5, 1100.0], [81000.0, 10760.0], [80997.5, 23640.0], [80985.0, 1320.0], [80982.5, 4400.0], [80972.5, 1340.0], [80970.0, 4480.0], [80967.5, 20.0], [80962.5, 1370.0], [80960.0, 4570.0], [80955.0, 4490.0]], "asks": [[81052.5, 10270.0], [81055.0, 27470.0], [81057.5, 6470.0], [81060.0, 4080.0], [81062.5, 4600.0], [81070.0, 3000.0], [81072.5, 4600.0], [81075.0, 3670.0], [81082.5, 3120.0], [81085.0, 10000.0], [81095.0, 1350.0], [81097.5, 4510.0], [81105.0, 1370.0], [81107.5, 4570.0], [81115.0, 8930.0], [81117.5, 29760.0], [81120.0, 5100.0], [81122.5, 17010.0], [81125.0, 10500.0], [81127.5, 35000.0]]}}}
{"jsonrpc": "2.0", "method": "subscription", "params": {"channel": "book.BTC-14MAR25.none.20.100ms", "data": {"timestamp": 1741569817918, "change_id": 91904519338, "instrument_name": "BTC-14MAR25", "bids": [[80952.5, 4750.0], [80950.0, 1190.0], [80947.5, 3840.0], [80945.0, 120.0], [80937.5, 4260.0], [80935.0, 14780.0], [80925.0, 8590.0], [80917.5, 1430.0], [80915.0, 4760.0], [80912.5, 30830.0], [80910.0, 1460.0], [80905.0, 14130.0], [80900.0, 24250.0], [80897.5, 1410.0], [80895.0, 4690.0], [80892.5, 600.0], [80890.0, 2000.0], [80887.5, 1430.0], [80885.0, 5400.0], [80877.5, 1430.0]], "asks": [[80967.5, 10.0], [80970.0, 4530.0], [80972.5, 15090.0], [80975.0, 2440.0], [80977.5, 8620.0], [80980.0, 3000.0], [80982.5, 10000.0], [80985.0, 1430.0], [80987.5, 4870.0], [80997.5, 2380.0], [81000.0, 8530.0], [81005.0, 650.0], [81007.5, 8770.0], [81010.0, 30650.0], [81012.5, 4690.0], [81017.5, 7340.0], [81020.0, 24460.0], [81032.5, 1430.0], [81035.0, 4690.0], [81047.5, 11960.0]]}}}
{"jsonrpc": "2.0", "method": "subscription", "params": {"channel": "book.BTC-21MAR25.none.20.100ms", "data": {"timestamp": 1741569817900, "change_id": 91904519232, "instrument_name": "BTC-21MAR25", "bids": [[81042.5, 120.0], [81035.0, 10000.0], [81032.5, 20.0], [81025.0, 1100.0], [81022.5, 3670.0], [81012.5, 4600.0], [81002.5, 1100.0], [81000.0, 60760.0], [80997.5, 23640.0], [80985.0, 1320.0], [80982.5, 4400.0], [80972.5, 1340.0], [80970.0, 4480.0], [80967.5, 20.0], [80962.5, 1370.0], [80960.0, 4570.0], [80955.0, 4490.0], [80952.5, 14970.0], [80917.5, 1340.0], [80915.0, 4470.0]], "asks": [[81050.0, 7300.0], [81052.5, 14770.0], [81055.0, 27470.0], [81057.5, 6470.0], [81060.0, 4080.0], [81062.5, 4600.0], [81070.0, 3000.0], [81072.5, 4600.0], [81075.0, 3670.0], [81082.5, 3120.0], [81085.0, 10000.0], [81095.0, 1350.0], [81097.5, 4510.0], [81105.0, 1370.0], [81107.5, 4570.0], [81115.0, 8930.0], [81117.5, 29760.0], [81120.0, 5100.0], [81122.5, 17010.0], [81125.0, 10500.0]]}}}
{"jsonrpc": "2.0", "method": "subscription", "params": {"channel": "book.BTC-14MAR25.none.20.100ms", "data": {"timestamp": 1741569818246, "change_id": 91904519942, "instrument_name": "BTC-14MAR25", "bids": [[80955.0, 1430.0], [80952.5, 4750.0], [80950.0, 1190.0], [80947.5, 3840.0], [80945.0, 120.0], [80937.5, 4260.0], [80935.0, 14780.0], [80925.0, 8590.0], [80917.5, 1430.0], [80915.0, 14010.0], [80912.5, 30830.0], [80910.0, 1460.0], [80905.0, 14130.0], [80900.0, 24250.0], [80897.5, 1410.0], [80895.0, 4690.0], [80892.5, 600.0], [80890.0, 2000.0], [80887.5, 1430.0], [80885.0, 5400.0]], "asks": [[80967.5, 10.0], [80970.0, 4530.0], [80972.5, 15090.0], [80975.0, 1150.0], [80977.5, 3840.0], [80980.0, 3000.0], [80982.5, 10000.0], [80985.0, 1430.0], [80987.5, 4870.0], [80997.5, 2380.0], [81000.0, 8530.0], [81005.0, 650.0], [81007.5, 8770.0], [81010.0, 30650.0], [81012.5, 4690.0], [81017.5, 7340.0], [81020.0, 24460.0], [81032.5, 1430.0], [81035.0, 4690.0], [81047.5, 11960.0]]}}}
{"jsonrpc": "2.0", "method": "subscription", "params": {"channel": "book.BTC-21MAR25.none.20.100ms", "data": {"timestamp": 1741569818261, "change_id": 91904520034, "instrument_name": "BTC-21MAR25", "bids": [[81042.5, 120.0], [81037.5, 3000.0], [81035.0, 11390.0], [81032.5, 4620.0], [81025.0, 8600.0], [81022.5, 29130.0], [81012.5, 4600.0], [81002.5, 20560.0], [81000.0, 60760.0], [80997.5, 23640.0], [80985.0, 1320.0], [80982.5, 4400.0], [80972.5, 1340.0], [80970.0, 4480.0], [80967.5, 20.0], [80962.5, 1370.0], [80960.0, 4570.0], [80955.0, 4490.0], [80952.5, 14970.0], [80917.5, 1340.0]], "asks": [[81050.0, 2800.0], [81052.5, 10270.0], [81055.0, 27470.0], [81057.5, 6470.0], [81060.0, 4080.0], [81062.5, 4600.0], [81070.0, 3000.0], [81072.5, 4600.0], [81075.0, 3670.0], [81082.5, 3120.0], [81085.0, 10000.0], [81095.0, 1350.0], [81097.5, 4510.0], [81105.0, 1370.0], [81107.5, 4570.0], [81115.0, 8930.0], [81117.5, 29760.0], [81120.0, 5100.0], [81122.5, 17010.0], [81125.0, 10500.0]]}}}
{"jsonrpc": "2.0", "method": "subscription", "params": {"channel": "book.BTC-14MAR25.none.20.100ms", "data": {"timestamp": 1741569818520, "change_id": 91904520622, "instrument_name": "BTC-14MAR25", "bids": [[80955.0, 120.0], [80950.0, 1190.0], [80947.5, 3840.0], [80937.5, 4260.0], [80935.0, 29510.0], [80932.5, 49110.0], [80927.5, 2580.0], [80925.0, 8590.0], [80917.5, 1430.0], [80915.0, 14010.0], [80912.5, 30830.0], [80910.0, 1460.0], [80905.0, 14130.0], [80900.0, 24250.0], [80897.5, 1410.0], [80895.0, 4690.0], [80892.5, 600.0], [80890.0, 2000.0], [80887.5, 1430.0], [80885.0, 5400.0]], "asks": [[80967.5, 10.0], [80972.5, 15090.0], [80975.0, 1150.0], [80977.5, 3840.0], [80980.0, 3000.0], [80982.5, 10000.0], [80985.0, 1470.0], [80987.5, 4900.0], [80997.5, 2380.0], [81000.0, 8530.0], [81005.0, 650.0], [81007.5, 8770.0], [81010.0, 30650.0], [81012.5, 4690.0], [81017.5, 7340.0], [81020.0, 24460.0], [81032.5, 1430.0], [81035.0, 4690.0], [81047.5, 11960.0], [81050.0, 39850.0]]}}}
{"jsonrpc": "2.0", "method": "subscription", "params": {"channel": "book.BTC-21MAR25.none.20.100ms", "data": {"timestamp": 1741569818518, "change_id": 91904520618, "instrument_name": "BTC-21MAR25", "bids": [[81042.5, 120.0], [81037.5, 3000.0], [81035.0, 11390.0], [81032.5, 4620.0], [81025.0, 8600.0], [81022.5, 29130.0], [81012.5, 4600.0], [81002.5, 20560.0], [81000.0, 60760.0], [80997.5, 23640.0], [80985.0, 1320.0], [80982.5, 4400.0], [80972.5, 1340.0], [80970.0, 4480.0], [80967.5, 20.0], [80962.5, 1370.0], [80960.0, 4570.0], [80955.0, 4490.0], [80952.5, 14970.0], [80917.5, 1340.0]], "asks": [[81050.0, 2800.0], [81055.0, 26000.0], [81057.5, 3670.0], [81067.5, 840.0], [81070.0, 5800.0], [81072.5, 4600.0], [81075.0, 3670.0], [81082.5, 7720.0], [81085.0, 10000.0], [81095.0, 1350.0], [81097.5, 4510.0], [81105.0, 1370.0], [81107.5, 4570.0], [81115.0, 8930.0], [81117.5, 29760.0], [81120.0, 5100.0], [81122.5, 17010.0], [81125.0, 10500.0], [81127.5, 35000.0], [81145.0, 1340.0]]}}}
{"jsonrpc": "2.0", "method": "subscription", "params": {"channel": "book.BTC-14MAR25.none.20.100ms", "data": {"timestamp": 1741569818886, "change_id": 91904521062, "instrument_name": "BTC-14MAR25", "bids": [[80957.5, 1460.0], [80955.0, 4870.0], [80950.0, 1190.0], [80947.5, 3840.0], [80937.5, 4260.0], [80935.0, 29510.0], [80932.5, 49110.0], [80927.5, 2580.0], [80925.0, 8590.0], [80917.5, 1430.0], [80915.0, 14010.0], [80912.5, 30830.0], [80910.0, 1460.0], [80905.0, 14130.0], [80900.0, 24250.0], [80897.5, 1410.0], [80895.0, 4690.0], [80892.5, 600.0], [80890.0, 2000.0], [80887.5, 1430.0]], "asks": [[80967.5, 10.0], [80972.5, 15090.0], [80977.5, 3840.0], [80980.0, 3000.0], [80982.5, 10000.0], [80985.0, 1470.0], [80987.5, 4900.0], [80997.5, 2380.0], [81000.0, 8530.0], [81005.0, 650.0], [81007.5, 8770.0], [81010.0, 30650.0], [81012.5, 4690.0], [81017.5, 7340.0], [81020.0, 24460.0], [81032.5, 1430.0], [81035.0, 4690.0], [81047.5, 11960.0], [81050.0, 39850.0], [81075.0, 1430.0]]}}}
{"jsonrpc": "2.0", "method": "subscription", "params": {"channel": "book.BTC-21MAR25.none.20.100ms", "data": {"timestamp": 1741569818874, "change_id": 91904521032, "instrument_name": "BTC-21MAR25", "bids": [[81042.5, 120.0], [81037.5, 3000.0], [81035.0, 11390.0], [81032.5, 4620.0], [81025.0, 8600.0], [81022.5, 29130.0], [81012.5, 4600.0], [81002.5, 20560.0], [81000.0, 60760.0], [80997.5, 23640.0], [80985.0, 1320.0], [80982.5, 4400.0], [80972.5, 1340.0], [80970.0, 4480.0], [80967.5, 20.0], [80962.5, 1370.0], [80960.0, 4570.0], [80955.0, 4490.0], [80952.5, 14970.0], [80917.5, 1340.0]], "asks": [[81050.0, 2800.0], [81055.0, 24900.0], [81057.5, 3670.0], [81060.0, 4600.0], [81067.5, 840.0], [81070.0, 5800.0], [81072.5, 4600.0], [81075.0, 3670.0], [81082.5, 7720.0], [81085.0, 10000.0], [81095.0, 1350.0], [81097.5, 4510.0], [81105.0, 1370.0], [81107.5, 4570.0], [81115.0, 8930.0], [81117.5, 29760.0], [81120.0, 5100.0], [81122.5, 17010.0], [81125.0, 10500.0], [81127.5, 35000.0]]}}}
{"jsonrpc": "2.0", "method": "subscription", "params": {"channel": "book.BTC-14MAR25.none.20.100ms", "data": {"timestamp": 1741569818974, "change_id": 91904521214, "instrument_name": "BTC-14MAR25", "bids": [[80955.0, 120.0], [80950.0, 1190.0], [80947.5, 3840.0], [80937.5, 4260.0], [80935.0, 29510.0], [80932.5, 49110.0], [80927.5, 2580.0], [80925.0, 8590.0], [80917.5, 1430.0], [80915.0, 14010.0], [80912.5, 30830.0], [80910.0, 1460.0], [80905.0, 14130.0], [80900.0, 24250.0], [80897.5, 1410.0], [80895.0, 4690.0], [80892.5, 600.0], [80890.0, 2000.0], [80887.5, 1430.0], [80885.0, 5400.0]], "asks": [[80967.5, 10.0], [80972.5, 15090.0], [80975.0, 1150.0], [80977.5, 3840.0], [80980.0, 3000.0], [80982.5, 10000.0], [80985.0, 1470.0], [80987.5, 4900.0], [80997.5, 2380.0], [81000.0, 8530.0], [81005.0, 650.0], [81007.5, 8770.0], [81010.0, 30650.0], [81012.5, 4690.0], [81017.5, 7340.0], [81020.0, 24460.0], [81032.5, 1430.0], [81035.0, 4690.0], [81047.5, 11960.0], [81050.0, 39850.0]]}}}
{"jsonrpc": "2.0", "method": "subscription", "params": {"channel": "book.BTC-21MAR25.none.20.100ms", "data": {"timestamp": 1741569819260, "change_id": 91904521681, "instrument_name": "BTC-21MAR25", "bids": [[81042.5, 120.0], [81037.5, 3000.0], [81035.0, 10000.0], [81032.5, 20.0], [81025.0, 8600.0], [81022.5, 29130.0], [81015.0, 1380.0], [81012.5, 4600.0], [81002.5, 20560.0], [81000.0, 60760.0], [80997.5, 23640.0], [80985.0, 1320.0], [80982.5, 4400.0], [80972.5, 1340.0], [80970.0, 4480.0], [80967.5, 20.0], [80962.5, 1370.0], [80960.0, 4570.0], [80955.0, 4490.0], [80952.5, 14970.0]], "asks": [[81050.0, 2800.0], [81052.5, 7470.0], [81055.0, 27380.0], [81057.5, 3670.0], [81060.0, 4600.0], [81067.5, 840.0], [81070.0, 5800.0], [81072.5, 4600.0], [81075.0, 3670.0], [81082.5, 7720.0], [81085.0, 10000.0], [81095.0, 1350.0], [81097.5, 4510.0], [81105.0, 1370.0], [81107.5, 4570.0], [81115.0, 8930.0], [81117.5, 29760.0], [81120.0, 5100.0], [81122.5, 17010.0], [81125.0, 10500.0]]}}}
{"jsonrpc": "2.0", "method": "subscription", "params": {"channel": "book.BTC-14MAR25.none.20.100ms", "data": {"timestamp": 1741569819421, "change_id": 91904521944, "instrument_name": "BTC-14MAR25", "bids": [[80962.5, 10.0], [80957.5, 1460.0], [80955.0, 4870.0], [80950.0, 1190.0], [80947.5, 3840.0], [80937.5, 4260.0], [80935.0, 29510.0], [80932.5, 49110.0], [80927.5, 2580.0], [80925.0, 8590.0], [80917.5, 1430.0], [80915.0, 14010.0], [80912.5, 30830.0], [80910.0, 1460.0], [80905.0, 14130.0], [80900.0, 24250.0], [80897.5, 1410.0], [80895.0, 4690.0], [80892.5, 600.0], [80890.0, 2000.0]], "asks": [[80972.5, 15090.0], [80977.5, 3840.0], [80980.0, 3000.0], [80982.5, 10000.0], [80985.0, 1470.0], [80987.5, 4900.0], [80997.5, 2380.0], [81000.0, 8530.0], [81005.0, 650.0], [81007.5, 8770.0], [81010.0, 30650.0], [81012.5, 4690.0], [81017.5, 7340.0], [81020.0, 24460.0], [81032.5, 1430.0], [81035.0, 4690.0], [81047.5, 11960.0], [81050.0, 39850.0], [81075.0, 1430.0], [81077.5, 4750.0]]}}}
{"jsonrpc": "2.0", "method": "subscription", "params": {"channel": "book.BTC-21MAR25.none.20.100ms", "data": {"timestamp": 1741569819492, "change_id": 91904522173, "instrument_name": "BTC-21MAR25", "bids": [[81042.5, 960.0], [81040.0, 2800.0], [81037.5, 3000.0], [81035.0, 11390.0], [81032.5, 4620.0], [81027.5, 15000.0], [81025.0, 58600.0], [81022.5, 29130.0], [81015.0, 1380.0], [81012.5, 4600.0], [81002.5, 5700.0], [81000.0, 10760.0], [80997.5, 23640.0], [80985.0, 1320.0], [80982.5, 4400.0], [80972.5, 1340.0], [80970.0, 4480.0], [80967.5, 20.0], [80962.5, 1370.0], [80960.0, 4570.0]], "asks": [[81050.0, 2800.0], [81055.0, 24900.0], [81057.5, 3670.0], [81067.5, 840.0], [81070.0, 5800.0], [81072.5, 7400.0], [81075.0, 3670.0], [81082.5, 7720.0], [81085.0, 10000.0], [81095.0, 1350.0], [81097.5, 4510.0], [81105.0, 1370.0], [81107.5, 4570.0], [81115.0, 8930.0], [81117.5, 29760.0], [81120.0, 5100.0], [81122.5, 17010.0], [81125.0, 10500.0], [81127.5, 35000.0], [81145.0, 1340.0]]}}}
{"jsonrpc": "2.0", "method": "subscription", "params": {"channel": "book.BTC-14MAR25.none.20.100ms", "data": {"timestamp": 1741569819845, "change_id": 91904522472, "instrument_name": "BTC-14MAR25", "bids": [[80962.5, 10.0], [80955.0, 120.0], [80950.0, 1190.0], [80947.5, 3840.0], [80937.5, 4260.0], [80935.0, 14780.0], [80927.5, 2580.0], [80925.0, 8590.0], [80917.5, 1430.0], [80915.0, 14010.0], [80912.5, 30830.0], [80910.0, 1460.0], [80905.0, 14130.0], [80900.0, 24250.0], [80897.5, 1410.0], [80895.0, 4690.0], [80892.5, 600.0], [80890.0, 2000.0], [80887.5, 1430.0], [80885.0, 5400.0]], "asks": [[80967.5, 10.0], [80972.5, 15090.0], [80975.0, 1150.0], [80977.5, 3840.0], [80980.0, 3000.0], [80982.5, 10000.0], [80985.0, 1470.0], [80987.5, 4900.0], [80997.5, 2380.0], [81000.0, 8530.0], [81005.0, 650.0], [81007.5, 8770.0], [81010.0, 30650.0], [81012.5, 4690.0], [81017.5, 7340.0], [81020.0, 24460.0], [81032.5, 1430.0], [81035.0, 4690.0], [81047.5, 11960.0], [81050.0, 39850.0]]}}}
{"jsonrpc": "2.0", "method": "subscription", "params": {"channel": "book.BTC-21MAR25.none.20.100ms", "data": {"timestamp": 1741569819846, "change_id": 91904522474, "instrument_name": "BTC-21MAR25", "bids": [[81042.5, 120.0], [81037.5, 3000.0], [81035.0, 10000.0], [81032.5, 20.0], [81027.5, 15000.0], [81025.0, 58600.0], [81022.5, 29130.0], [81015.0, 1380.0], [81012.5, 4600.0], [81002.5, 5700.0], [81000.0, 10760.0], [80997.5, 23640.0], [80985.0, 1320.0], [80982.5, 4400.0], [80972.5, 1340.0], [80970.0, 4480.0], [80967.5, 20.0], [80962.5, 1370.0], [80960.0, 4570.0], [80955.0, 4490.0]], "asks": [[81050.0, 2800.0], [81052.5, 7470.0], [81055.0, 27240.0], [81057.5, 3670.0], [81060.0, 4600.0], [81067.5, 840.0], [81070.0, 5800.0], [81072.5, 7400.0], [81075.0, 3670.0], [81082.5, 7720.0], [81085.0, 10000.0], [81095.0, 1350.0], [81097.5, 4510.0], [81105.0, 1370.0], [81107.5, 4570.0], [81115.0, 8930.0], [81117.5, 29760.0], [81120.0, 5100.0], [81122.5, 17010.0], [81125.0, 10500.0]]}}}
{"jsonrpc": "2.0", "method": "subscription", "params": {"channel": "book.BTC-14MAR25.none.20.100ms", "data": {"timestamp": 1741569820160, "change_id": 91904523561, "instrument_name": "BTC-14MAR25", "bids": [[80970.0, 10.0], [80967.5, 4750.0], [80965.0, 1430.0], [80962.5, 4750.0], [80955.0, 1550.0], [80952.5, 4780.0], [80947.5, 3000.0], [80945.0, 10000.0], [80937.5, 1430.0], [80935.0, 4780.0], [80927.5, 2580.0], [80925.0, 8590.0], [80917.5, 1430.0], [80915.0, 14010.0], [80912.5, 30830.0], [80910.0, 3460.0], [80905.0, 14130.0], [80900.0, 24250.0], [80897.5, 1410.0], [80895.0, 4690.0]], "asks": [[80972.5, 15090.0], [80982.5, 10000.0], [80985.0, 3840.0], [80997.5, 2380.0], [81000.0, 8530.0], [81002.5, 120.0], [81007.5, 8770.0], [81010.0, 37650.0], [81012.5, 28620.0], [81032.5, 1430.0], [81035.0, 4690.0], [81047.5, 11960.0], [81050.0, 39850.0], [81075.0, 1430.0], [81077.5, 4750.0], [81092.5, 1460.0], [81095.0, 4860.0], [81097.5, 20.0], [81105.0, 1460.0], [81107.5, 4880.0]]}}}
