{"jsonrpc": "2.0", "method": "subscription", "params": {"channel": "book.BTC-10JAN25.none.20.100ms", "data": {"timestamp": 1735834060328, "change_id": 84065906675, "instrument_name": "BTC-10JAN25", "bids": [[96615.0, 5000.0], [96605.0, 26310.0], [96602.5, 4330.0], [96600.0, 80280.0], [96597.5, 10000.0], [96595.0, 2330.0], [96592.5, 7500.0], [96585.0, 2250.0], [96582.5, 7500.0], [96570.0, 2250.0], [96567.5, 7500.0], [96560.0, 2250.0], [96557.5, 7500.0], [96552.5, 4820.0], [96550.0, 15990.0], [96545.0, 2250.0], [96542.5, 7500.0], [96535.0, 2260.0], [96532.5, 7500.0], [96530.0, 320.0]], "asks": [[96620.0, 5280.0], [96622.5, 3300.0], [96625.0, 7810.0], [96627.5, 15000.0], [96630.0, 23170.0], [96632.5, 3300.0], [96635.0, 62100.0], [96640.0, 990.0], [96642.5, 3300.0], [96645.0, 2260.0], [96647.5, 7520.0], [96655.0, 5250.0], [96657.5, 17500.0], [96670.0, 2340.0], [96675.0, 12260.0], [96677.5, 14850.0], [96680.0, 16890.0], [96682.5, 50000.0], [96685.0, 7500.0], [96692.5, 2250.0]]}}}
{"jsonrpc": "2.0", "method": "subscription", "params": {"channel": "book.BTC-3JAN25.none.20.100ms", "data": {"timestamp": 1735834060341, "change_id": 84065906796, "instrument_name": "BTC-3JAN25", "bids": [[96275.0, 4110.0], [96272.5, 7300.0], [96270.0, 27760.0], [96267.5, 77010.0], [96265.0, 9960.0], [96260.0, 20000.0], [96255.0, 3150.0], [96252.5, 10500.0], [96250.0, 3000.0], [96247.5, 10000.0], [96245.0, 3150.0], [96242.5, 10500.0], [96240.0, 16180.0], [96235.0, 48320.0], [96232.5, 10500.0], [96225.0, 3150.0], [96222.5, 10500.0], [96215.0, 7220.0], [96212.5, 25300.0], [96197.5, 3150.0]], "asks": [[96280.0, 27780.0], [96282.5, 7300.0], [96285.0, 11020.0], [96290.0, 4460.0], [96295.0, 14850.0], [96300.0, 4950.0], [96302.5, 7300.0], [96305.0, 10500.0], [96310.0, 6380.0], [96312.5, 2000.0], [96315.0, 20500.0], [96325.0, 13160.0], [96327.5, 43860.0], [96330.0, 3150.0], [96332.5, 10800.0], [96340.0, 3150.0], [96342.5, 10500.0], [96350.0, 6110.0], [96352.5, 21680.0], [96357.5, 20.0]]}}}
{"jsonrpc": "2.0", "method": "subscription", "params": {"channel": "book.BTC-3JAN25.none.20.100ms", "data": {"timestamp": 1735834060667, "change_id": 84065908454, "instrument_name": "BTC-3JAN25", "bids": [[96262.5, 9490.0], [96260.0, 30400.0], [96255.0, 83650.0], [96250.0, 4350.0], [96245.0, 3150.0], [96242.5, 10500.0], [96240.0, 16180.0], [96235.0, 50930.0], [96232.5, 10500.0], [96230.0, 10000.0], [96225.0, 3150.0], [96222.5, 10500.0], [96215.0, 17970.0], [96212.5, 10500.0], [96197.5, 3150.0], [96195.0, 10500.0], [96190.0, 300.0], [96180.0, 2590.0], [96177.5, 10500.0], [96170.0, 3150.0]], "asks": [[96267.5, 11280.0], [96275.0, 5840.0], [96277.5, 7820.0], [96280.0, 11650.0], [96282.5, 3150.0], [96285.0, 10500.0], [96290.0, 3150.0], [96295.0, 10500.0], [96300.0, 7720.0], [96302.5, 17300.0], [96305.0, 10500.0], [96310.0, 3170.0], [96312.5, 2000.0], [96315.0, 10500.0], [96325.0, 13160.0], [96327.5, 43860.0], [96330.0, 3150.0], [96332.5, 10800.0], [96340.0, 3150.0], [96342.5, 10500.0]]}}}
{"jsonrpc": "2.0", "method": "subscription", "params": {"channel": "book.BTC-10JAN25.none.20.100ms", "data": {"timestamp": 1735834060644, "change_id": 84065908422, "instrument_name": "BTC-10JAN25", "bids": [[96597.5, 280.0], [96590.0, 1300.0], [96587.5, 4330.0], [96585.0, 2250.0], [96582.5, 7500.0], [96580.0, 3000.0], [96577.5, 10000.0], [96570.0, 2250.0], [96567.5, 7500.0], [96560.0, 2250.0], [96557.5, 7500.0], [96552.5, 20.0], [96545.0, 2250.0], [96542.5, 7500.0], [96535.0, 2260.0], [96532.5, 7500.0], [96530.0, 320.0], [96525.0, 2250.0], [96520.0, 7500.0], [96515.0, 8960.0]], "asks": [[96612.5, 990.0], [96615.0, 3300.0], [96617.5, 6540.0], [96620.0, 14080.0], [96622.5, 7630.0], [96625.0, 7810.0], [96627.5, 15000.0], [96630.0, 17840.0], [96632.5, 53300.0], [96635.0, 8800.0], [96640.0, 990.0], [96642.5, 3300.0], [96645.0, 2260.0], [96647.5, 7520.0], [96655.0, 5250.0], [96657.5, 17500.0], [96660.0, 4820.0], [96662.5, 16070.0], [96670.0, 2340.0], [96675.0, 12260.0]]}}}
{"jsonrpc": "2.0", "method": "subscription", "params": {"channel": "book.BTC-10JAN25.none.20.100ms", "data": {"timestamp": 1735834061003, "change_id": 84065908902, "instrument_name": "BTC-10JAN25", "bids": [[96600.0, 8240.0], [96595.0, 23080.0], [96590.0, 1300.0], [96587.5, 4330.0], [96585.0, 2250.0], [96582.5, 7500.0], [96580.0, 3000.0], [96577.5, 10000.0], [96570.0, 2250.0], [96567.5, 7500.0], [96560.0, 2250.0], [96557.5, 7500.0], [96552.5, 20.0], [96545.0, 2250.0], [96542.5, 7500.0], [96535.0, 2260.0], [96532.5, 7500.0], [96530.0, 320.0], [96525.0, 2250.0], [96520.0, 7500.0]], "asks": [[96612.5, 990.0], [96615.0, 9530.0], [96617.5, 18300.0], [96620.0, 6580.0], [96622.5, 7630.0], [96625.0, 3310.0], [96630.0, 17840.0], [96632.5, 53300.0], [96635.0, 8800.0], [96640.0, 990.0], [96642.5, 3300.0], [96645.0, 2260.0], [96647.5, 7520.0], [96655.0, 5250.0], [96657.5, 17500.0], [96660.0, 4820.0], [96662.5, 16070.0], [96670.0, 2340.0], [96675.0, 12260.0], [96677.5, 14850.0]]}}}
{"jsonrpc": "2.0", "method": "subscription", "params": {"channel": "book.BTC-3JAN25.none.20.100ms", "data": {"timestamp": 1735834061002, "change_id": 84065908896, "instrument_name": "BTC-3JAN25", "bids": [[96267.5, 19990.0], [96265.0, 16390.0], [96262.5, 30300.0], [96260.0, 23100.0], [96257.5, 17800.0], [96255.0, 83650.0], [96250.0, 4350.0], [96245.0, 3150.0], [96242.5, 10500.0], [96240.0, 16180.0], [96235.0, 50930.0], [96232.5, 10500.0], [96230.0, 10000.0], [96225.0, 3150.0], [96222.5, 10500.0], [96215.0, 17970.0], [96212.5, 10500.0], [96197.5, 3150.0], [96195.0, 10500.0], [96190.0, 300.0]], "asks": [[96272.5, 3230.0], [96275.0, 1310.0], [96280.0, 4350.0], [96290.0, 3150.0], [96295.0, 10500.0], [96300.0, 7720.0], [96302.5, 10000.0], [96305.0, 10500.0], [96310.0, 3170.0], [96312.5, 2000.0], [96315.0, 10500.0], [96325.0, 13160.0], [96327.5, 43860.0], [96330.0, 3150.0], [96332.5, 10800.0], [96340.0, 3150.0], [96342.5, 10500.0], [96350.0, 6110.0], [96352.5, 21680.0], [96357.5, 20.0]]}}}
{"jsonrpc": "2.0", "method": "subscription", "params": {"channel": "book.BTC-10JAN25.none.20.100ms", "data": {"timestamp": 1735834061209, "change_id": 84065909161, "instrument_name": "BTC-10JAN25", "bids": [[96607.5, 5000.0], [96600.0, 8240.0], [96595.0, 29660.0], [96592.5, 7500.0], [96585.0, 2250.0], [96582.5, 7500.0], [96580.0, 3000.0], [96577.5, 10000.0], [96570.0, 2250.0], [96567.5, 7500.0], [96560.0, 2250.0], [96557.5, 7500.0], [96552.5, 20.0], [96545.0, 2250.0], [96542.5, 7500.0], [96535.0, 2260.0], [96532.5, 7500.0], [96530.0, 320.0], [96525.0, 2250.0], [96520.0, 7500.0]], "asks": [[96612.5, 7350.0], [96615.0, 3300.0], [96617.5, 18300.0], [96620.0, 6580.0], [96622.5, 7630.0], [96625.0, 3310.0], [96630.0, 17840.0], [96632.5, 53300.0], [96635.0, 8800.0], [96640.0, 990.0], [96642.5, 3300.0], [96645.0, 2260.0], [96647.5, 7520.0], [96655.0, 5250.0], [96657.5, 17500.0], [96660.0, 4820.0], [96662.5, 16070.0], [96670.0, 2340.0], [96675.0, 12260.0], [96677.5, 14850.0]]}}}
{"jsonrpc": "2.0", "method": "subscription", "params": {"channel": "book.BTC-3JAN25.none.20.100ms", "data": {"timestamp": 1735834061237, "change_id": 84065909179, "instrument_name": "BTC-3JAN25", "bids": [[96267.5, 9490.0], [96265.0, 16390.0], [96262.5, 30300.0], [96260.0, 23100.0], [96257.5, 22150.0], [96255.0, 83650.0], [96245.0, 3150.0], [96242.5, 10500.0], [96240.0, 16180.0], [96235.0, 50930.0], [96232.5, 10500.0], [96230.0, 10000.0], [96225.0, 3150.0], [96222.5, 10500.0], [96215.0, 17970.0], [96212.5, 10500.0], [96197.5, 3150.0], [96195.0, 10500.0], [96190.0, 300.0], [96180.0, 2590.0]], "asks": [[96272.5, 3230.0], [96285.0, 1310.0], [96287.5, 4350.0], [96290.0, 3150.0], [96295.0, 10500.0], [96300.0, 7720.0], [96302.5, 10000.0], [96305.0, 10500.0], [96310.0, 3170.0], [96312.5, 2000.0], [96315.0, 10500.0], [96325.0, 13160.0], [96327.5, 43860.0], [96330.0, 3150.0], [96332.5, 10800.0], [96340.0, 3150.0], [96342.5, 10500.0], [96350.0, 6110.0], [96352.5, 21680.0], [96357.5, 20.0]]}}}
{"jsonrpc": "2.0", "method": "subscription", "params": {"channel": "book.BTC-10JAN25.none.20.100ms", "data": {"timestamp": 1735834061613, "change_id": 84065909507, "instrument_name": "BTC-10JAN25", "bids": [[96607.5, 5000.0], [96600.0, 8240.0], [96595.0, 29660.0], [96592.5, 7500.0], [96585.0, 2250.0], [96582.5, 7500.0], [96580.0, 3000.0], [96577.5, 10000.0], [96570.0, 2250.0], [96567.5, 7500.0], [96560.0, 2250.0], [96557.5, 7500.0], [96552.5, 20.0], [96545.0, 2250.0], [96542.5, 7500.0], [96535.0, 2260.0], [96532.5, 7500.0], [96530.0, 320.0], [96525.0, 2250.0], [96520.0, 7500.0]], "asks": [[96612.5, 10650.0], [96615.0, 3300.0], [96617.5, 18300.0], [96620.0, 5590.0], [96622.5, 7630.0], [96625.0, 1000.0], [96627.5, 3300.0], [96630.0, 17840.0], [96632.5, 53300.0], [96635.0, 8800.0], [96645.0, 2260.0], [96647.5, 7520.0], [96655.0, 5250.0], [96657.5, 17500.0], [96660.0, 4820.0], [96662.5, 16070.0], [96670.0, 2340.0], [96675.0, 12260.0], [96677.5, 14850.0], [96680.0, 16890.0]]}}}
{"jsonrpc": "2.0", "method": "subscription", "params": {"channel": "book.BTC-3JAN25.none.20.100ms", "data": {"timestamp": 1735834061584, "change_id": 84065909370, "instrument_name": "BTC-3JAN25", "bids": [[96267.5, 19990.0], [96265.0, 16390.0], [96262.5, 30300.0], [96260.0, 23100.0], [96257.5, 11650.0], [96255.0, 83650.0], [96245.0, 3150.0], [96242.5, 10500.0], [96240.0, 16180.0], [96235.0, 50930.0], [96232.5, 10500.0], [96230.0, 10000.0], [96225.0, 3150.0], [96222.5, 10500.0], [96215.0, 17970.0], [96212.5, 10500.0], [96197.5, 3150.0], [96195.0, 10500.0], [96190.0, 300.0], [96180.0, 2590.0]], "asks": [[96272.5, 3230.0], [96285.0, 1310.0], [96287.5, 4350.0], [96290.0, 3150.0], [96295.0, 10500.0], [96300.0, 7720.0], [96302.5, 10000.0], [96305.0, 10500.0], [96310.0, 3170.0], [96312.5, 2000.0], [96315.0, 10500.0], [96325.0, 13160.0], [96327.5, 43860.0], [96330.0, 3150.0], [96332.5, 10800.0], [96340.0, 3150.0], [96342.5, 10500.0], [96350.0, 6110.0], [96352.5, 21680.0], [96357.5, 20.0]]}}}
{"jsonrpc": "2.0", "method": "subscription", "params": {"channel": "book.BTC-3JAN25.none.20.100ms", "data": {"timestamp": 1735834061973, "change_id": 84065910087, "instrument_name": "BTC-3JAN25", "bids": [[96267.5, 7300.0], [96265.0, 16390.0], [96262.5, 30300.0], [96260.0, 23100.0], [96257.5, 22150.0], [96255.0, 83650.0], [96245.0, 3150.0], [96242.5, 10500.0], [96240.0, 16180.0], [96235.0, 50930.0], [96232.5, 10500.0], [96230.0, 10000.0], [96225.0, 3150.0], [96222.5, 10500.0], [96217.5, 4450.0], [96215.0, 17970.0], [96212.5, 10500.0], [96197.5, 3150.0], [96195.0, 10500.0], [96190.0, 300.0]], "asks": [[96270.0, 610.0], [96280.0, 2190.0], [96282.5, 7300.0], [96285.0, 1310.0], [96287.5, 4350.0], [96290.0, 3150.0], [96295.0, 10500.0], [96300.0, 7720.0], [96302.5, 10000.0], [96305.0, 10500.0], [96310.0, 3170.0], [96312.5, 2000.0], [96315.0, 10500.0], [96325.0, 13160.0], [96327.5, 43860.0], [96330.0, 3150.0], [96332.5, 10800.0], [96340.0, 3150.0], [96342.5, 10500.0], [96350.0, 6110.0]]}}}
{"jsonrpc": "2.0", "method": "subscription", "params": {"channel": "book.BTC-10JAN25.none.20.100ms", "data": {"timestamp": 1735834061759, "change_id": 84065909772, "instrument_name": "BTC-10JAN25", "bids": [[96607.5, 5000.0], [96600.0, 8240.0], [96595.0, 29660.0], [96592.5, 7500.0], [96585.0, 2250.0], [96582.5, 7500.0], [96580.0, 3000.0], [96577.5, 10000.0], [96570.0, 2250.0], [96567.5, 7500.0], [96560.0, 2250.0], [96557.5, 7500.0], [96552.5, 20.0], [96545.0, 2250.0], [96542.5, 7500.0], [96535.0, 2260.0], [96532.5, 7500.0], [96530.0, 320.0], [96525.0, 2250.0], [96520.0, 7500.0]], "asks": [[96612.5, 7350.0], [96617.5, 18300.0], [96620.0, 5590.0], [96622.5, 7630.0], [96625.0, 1000.0], [96627.5, 3300.0], [96630.0, 17840.0], [96632.5, 53300.0], [96635.0, 8800.0], [96645.0, 2260.0], [96647.5, 7520.0], [96655.0, 5250.0], [96657.5, 17500.0], [96660.0, 4820.0], [96662.5, 16070.0], [96670.0, 2340.0], [96675.0, 12260.0], [96677.5, 14850.0], [96680.0, 16890.0], [96682.5, 50000.0]]}}}
{"jsonrpc": "2.0", "method": "subscription", "params": {"channel": "book.BTC-3JAN25.none.20.100ms", "data": {"timestamp": 1735834062077, "change_id": 84065910212, "instrument_name": "BTC-3JAN25", "bids": [[96270.0, 7300.0], [96267.5, 9490.0], [96265.0, 16390.0], [96262.5, 30300.0], [96260.0, 23100.0], [96257.5, 11650.0], [96255.0, 83650.0], [96245.0, 3150.0], [96242.5, 10500.0], [96240.0, 16180.0], [96235.0, 50930.0], [96232.5, 10500.0], [96230.0, 10000.0], [96225.0, 3150.0], [96222.5, 10500.0], [96217.5, 4450.0], [96215.0, 17970.0], [96212.5, 10500.0], [96197.5, 3150.0], [96195.0, 10500.0]], "asks": [[96272.5, 13120.0], [96275.0, 10500.0], [96277.5, 490.0], [96280.0, 5070.0], [96282.5, 7300.0], [96285.0, 11810.0], [96287.5, 4350.0], [96290.0, 3150.0], [96295.0, 10500.0], [96300.0, 7720.0], [96302.5, 10000.0], [96305.0, 10500.0], [96310.0, 3170.0], [96312.5, 2000.0], [96315.0, 10500.0], [96325.0, 13160.0], [96327.5, 43860.0], [96330.0, 3150.0], [96332.5, 10800.0], [96340.0, 3150.0]]}}}
{"jsonrpc": "2.0", "method": "subscription", "params": {"channel": "book.BTC-10JAN25.none.20.100ms", "data": {"timestamp": 1735834062062, "change_id": 84065910171, "instrument_name": "BTC-10JAN25", "bids": [[96607.5, 5000.0], [96600.0, 8240.0], [96595.0, 29660.0], [96592.5, 7500.0], [96585.0, 2250.0], [96582.5, 7500.0], [96580.0, 3000.0], [96577.5, 10000.0], [96570.0, 2250.0], [96567.5, 7500.0], [96560.0, 2250.0], [96557.5, 7500.0], [96552.5, 20.0], [96545.0, 2250.0], [96542.5, 7500.0], [96535.0, 2260.0], [96532.5, 7500.0], [96530.0, 320.0], [96525.0, 2250.0], [96520.0, 7500.0]], "asks": [[96612.5, 7350.0], [96617.5, 18300.0], [96620.0, 7560.0], [96622.5, 15130.0], [96625.0, 1000.0], [96627.5, 3300.0], [96630.0, 17840.0], [96632.5, 53300.0], [96635.0, 8800.0], [96645.0, 2260.0], [96647.5, 7520.0], [96655.0, 5250.0], [96657.5, 17500.0], [96660.0, 4820.0], [96662.5, 16070.0], [96670.0, 2340.0], [96675.0, 12260.0], [96677.5, 14850.0], [96680.0, 16890.0], [96682.5, 50000.0]]}}}
{"jsonrpc": "2.0", "method": "subscription", "params": {"channel": "book.BTC-3JAN25.none.20.100ms", "data": {"timestamp": 1735834062638, "change_id": 84065910691, "instrument_name": "BTC-3JAN25", "bids": [[96270.0, 7300.0], [96267.5, 9490.0], [96265.0, 16390.0], [96262.5, 30300.0], [96260.0, 23100.0], [96257.5, 11650.0], [96255.0, 83650.0], [96245.0, 3150.0], [96242.5, 10500.0], [96240.0, 26180.0], [96235.0, 48320.0], [96232.5, 10500.0], [96225.0, 3150.0], [96222.5, 10500.0], [96217.5, 4450.0], [96215.0, 17970.0], [96212.5, 10500.0], [96197.5, 3150.0], [96195.0, 10500.0], [96190.0, 300.0]], "asks": [[96272.5, 3110.0], [96280.0, 2190.0], [96282.5, 7300.0], [96285.0, 1310.0], [96287.5, 4350.0], [96290.0, 3150.0], [96295.0, 10500.0], [96300.0, 7720.0], [96302.5, 10000.0], [96305.0, 10500.0], [96310.0, 3170.0], [96312.5, 2000.0], [96315.0, 10500.0], [96325.0, 13160.0], [96327.5, 43860.0], [96330.0, 3150.0], [96332.5, 10800.0], [96340.0, 3150.0], [96342.5, 10500.0], [96350.0, 6110.0]]}}}
{"jsonrpc": "2.0", "method": "subscription", "params": {"channel": "book.BTC-10JAN25.none.20.100ms", "data": {"timestamp": 1735834062631, "change_id": 84065910688, "instrument_name": "BTC-10JAN25", "bids": [[96610.0, 280.0], [96600.0, 8240.0], [96595.0, 29660.0], [96592.5, 7500.0], [96585.0, 2250.0], [96582.5, 7500.0], [96580.0, 3000.0], [96577.5, 10000.0], [96570.0, 2250.0], [96567.5, 7500.0], [96560.0, 2250.0], [96557.5, 7500.0], [96552.5, 20.0], [96545.0, 2250.0], [96542.5, 7500.0], [96535.0, 2260.0], [96532.5, 7500.0], [96530.0, 320.0], [96525.0, 2250.0], [96520.0, 7500.0]], "asks": [[96615.0, 6480.0], [96617.5, 18300.0], [96620.0, 7560.0], [96622.5, 7630.0], [96625.0, 8500.0], [96627.5, 3300.0], [96630.0, 17840.0], [96632.5, 53300.0], [96635.0, 8800.0], [96645.0, 4970.0], [96647.5, 17520.0], [96657.5, 7500.0], [96660.0, 4820.0], [96662.5, 16070.0], [96670.0, 2340.0], [96675.0, 12260.0], [96677.5, 14850.0], [96680.0, 16890.0], [96682.5, 50000.0], [96685.0, 7500.0]]}}}
{"jsonrpc": "2.0", "method": "subscription", "params": {"channel": "book.BTC-10JAN25.none.20.100ms", "data": {"timestamp": 1735834062792, "change_id": 84065911107, "instrument_name": "BTC-10JAN25", "bids": [[96615.0, 280.0], [96605.0, 2250.0], [96602.5, 7500.0], [96600.0, 8240.0], [96595.0, 29660.0], [96592.5, 7500.0], [96590.0, 3000.0], [96587.5, 10000.0], [96585.0, 2250.0], [96582.5, 7500.0], [96570.0, 2250.0], [96567.5, 7500.0], [96560.0, 2250.0], [96557.5, 7500.0], [96552.5, 20.0], [96545.0, 2250.0], [96542.5, 7500.0], [96535.0, 2260.0], [96532.5, 7500.0], [96530.0, 320.0]], "asks": [[96620.0, 4290.0], [96622.5, 3300.0], [96625.0, 2180.0], [96627.5, 3300.0], [96630.0, 7570.0], [96632.5, 3300.0], [96635.0, 8800.0], [96640.0, 15000.0], [96642.5, 50000.0], [96645.0, 4970.0], [96647.5, 17520.0], [96657.5, 7500.0], [96670.0, 2340.0], [96675.0, 12260.0], [96677.5, 14850.0], [96680.0, 16890.0], [96682.5, 50000.0], [96685.0, 24260.0], [96692.5, 2250.0], [96695.0, 9500.0]]}}}
{"jsonrpc": "2.0", "method": "subscription", "params": {"channel": "book.BTC-3JAN25.none.20.100ms", "data": {"timestamp": 1735834062816, "change_id": 84065911134, "instrument_name": "BTC-3JAN25", "bids": [[96270.0, 17800.0], [96267.5, 9490.0], [96265.0, 16390.0], [96262.5, 30300.0], [96260.0, 33600.0], [96257.5, 11650.0], [96255.0, 83650.0], [96245.0, 5760.0], [96242.5, 10500.0], [96240.0, 26180.0], [96235.0, 48320.0], [96232.5, 10500.0], [96225.0, 3150.0], [96222.5, 10500.0], [96217.5, 4450.0], [96215.0, 17970.0], [96212.5, 10500.0], [96197.5, 3150.0], [96195.0, 10500.0], [96190.0, 300.0]], "asks": [[96272.5, 3110.0], [96285.0, 1310.0], [96287.5, 4350.0], [96290.0, 4950.0], [96292.5, 7300.0], [96295.0, 10500.0], [96300.0, 7720.0], [96302.5, 10000.0], [96305.0, 10500.0], [96310.0, 3170.0], [96312.5, 2000.0], [96315.0, 10500.0], [96325.0, 13160.0], [96327.5, 43860.0], [96330.0, 3150.0], [96332.5, 10800.0], [96340.0, 3150.0], [96342.5, 10500.0], [96350.0, 6110.0], [96352.5, 21680.0]]}}}
{"jsonrpc": "2.0", "method": "subscription", "params": {"channel": "book.BTC-3JAN25.none.20.100ms", "data": {"timestamp": 1735834063049, "change_id": 84065911400, "instrument_name": "BTC-3JAN25", "bids": [[96270.0, 17800.0], [96267.5, 9490.0], [96265.0, 16390.0], [96262.5, 30300.0], [96260.0, 33600.0], [96257.5, 11650.0], [96255.0, 83650.0], [96245.0, 5760.0], [96242.5, 10500.0], [96240.0, 26180.0], [96235.0, 48320.0], [96232.5, 10500.0], [96225.0, 3150.0], [96222.5, 10500.0], [96217.5, 4450.0], [96215.0, 17970.0], [96212.5, 10500.0], [96197.5, 3150.0], [96195.0, 10500.0], [96190.0, 300.0]], "asks": [[96272.5, 3110.0], [96290.0, 4950.0], [96292.5, 7300.0], [96295.0, 14850.0], [96300.0, 7720.0], [96302.5, 10000.0], [96305.0, 10500.0], [96310.0, 3170.0], [96312.5, 2000.0], [96315.0, 10500.0], [96325.0, 13160.0], [96327.5, 43860.0], [96330.0, 3150.0], [96332.5, 10800.0], [96340.0, 3150.0], [96342.5, 10500.0], [96350.0, 6110.0], [96352.5, 21680.0], [96357.5, 20.0], [96360.0, 3150.0]]}}}
{"jsonrpc": "2.0", "method": "subscription", "params": {"channel": "book.BTC-10JAN25.none.20.100ms", "data": {"timestamp": 1735834063158, "change_id": 84065911496, "instrument_name": "BTC-10JAN25", "bids": [[96615.0, 5000.0], [96605.0, 2250.0], [96602.5, 7500.0], [96600.0, 8240.0], [96595.0, 29660.0], [96592.5, 7500.0], [96590.0, 3000.0], [96587.5, 10000.0], [96585.0, 2250.0], [96582.5, 7500.0], [96570.0, 2250.0], [96567.5, 7500.0], [96560.0, 2250.0], [96557.5, 7500.0], [96552.5, 20.0], [96545.0, 2250.0], [96542.5, 7500.0], [96535.0, 2260.0], [96532.5, 7500.0], [96530.0, 320.0]], "asks": [[96620.0, 4290.0], [96622.5, 3300.0], [96625.0, 2180.0], [96627.5, 3300.0], [96630.0, 7570.0], [96632.5, 3300.0], [96635.0, 8800.0], [96640.0, 15000.0], [96642.5, 50000.0], [96645.0, 4970.0], [96647.5, 17520.0], [96657.5, 7500.0], [96670.0, 2340.0], [96675.0, 12260.0], [96677.5, 14850.0], [96680.0, 16890.0], [96682.5, 50000.0], [96685.0, 24260.0], [96692.5, 2250.0], [96695.0, 9500.0]]}}}
{"jsonrpc": "2.0", "method": "subscription", "params": {"channel": "book.BTC-10JAN25.none.20.100ms", "data": {"timestamp": 1735834063647, "change_id": 84065912261, "instrument_name": "BTC-10JAN25", "bids": [[96620.0, 5000.0], [96617.5, 1500.0], [96615.0, 7500.0], [96612.5, 1300.0], [96610.0, 4330.0], [96605.0, 2250.0], [96602.5, 7500.0], [96600.0, 8240.0], [96595.0, 25330.0], [96592.5, 7500.0], [96590.0, 3000.0], [96587.5, 10000.0], [96585.0, 2250.0], [96582.5, 7500.0], [96570.0, 2250.0], [96567.5, 7500.0], [96565.0, 4840.0], [96562.5, 16140.0], [96560.0, 2250.0], [96557.5, 7500.0]], "asks": [[96625.0, 5440.0], [96627.5, 15000.0], [96630.0, 990.0], [96632.5, 3300.0], [96635.0, 1300.0], [96637.5, 4330.0], [96642.5, 990.0], [96645.0, 5560.0], [96647.5, 7520.0], [96655.0, 50000.0], [96657.5, 7500.0], [96662.5, 10000.0], [96670.0, 2340.0], [96675.0, 12260.0], [96677.5, 14850.0], [96680.0, 16890.0], [96682.5, 50000.0], [96685.0, 7500.0], [96692.5, 2250.0], [96695.0, 9500.0]]}}}
{"jsonrpc": "2.0", "method": "subscription", "params": {"channel": "book.BTC-3JAN25.none.20.100ms", "data": {"timestamp": 1735834063643, "change_id": 84065912227, "instrument_name": "BTC-3JAN25", "bids": [[96270.0, 17800.0], [96267.5, 10520.0], [96265.0, 37750.0], [96262.5, 80300.0], [96260.0, 10500.0], [96257.5, 16450.0], [96255.0, 33650.0], [96250.0, 10000.0], [96245.0, 3150.0], [96242.5, 10500.0], [96240.0, 16180.0], [96235.0, 48320.0], [96232.5, 10500.0], [96225.0, 3150.0], [96222.5, 10500.0], [96217.5, 4450.0], [96215.0, 17970.0], [96212.5, 10500.0], [96197.5, 3150.0], [96195.0, 10500.0]], "asks": [[96272.5, 3110.0], [96300.0, 7720.0], [96302.5, 14350.0], [96305.0, 10500.0], [96310.0, 3170.0], [96312.5, 2000.0], [96315.0, 10500.0], [96325.0, 13160.0], [96327.5, 43860.0], [96330.0, 3150.0], [96332.5, 10800.0], [96340.0, 3150.0], [96342.5, 10500.0], [96350.0, 6110.0], [96352.5, 21680.0], [96357.5, 20.0], [96360.0, 3150.0], [96362.5, 10500.0], [96370.0, 3150.0], [96372.5, 10500.0]]}}}
{"jsonrpc": "2.0", "method": "subscription", "params": {"channel": "book.BTC-3JAN25.none.20.100ms", "data": {"timestamp": 1735834063977, "change_id": 84065912946, "instrument_name": "BTC-3JAN25", "bids": [[96270.0, 17800.0], [96267.5, 30800.0], [96265.0, 37750.0], [96262.5, 80300.0], [96260.0, 15840.0], [96257.5, 7300.0], [96255.0, 13650.0], [96250.0, 10000.0], [96245.0, 3150.0], [96242.5, 10500.0], [96235.0, 3150.0], [96232.5, 10500.0], [96227.5, 13550.0], [96225.0, 48320.0], [96222.5, 10500.0], [96220.0, 14800.0], [96215.0, 3170.0], [96212.5, 10500.0], [96197.5, 3150.0], [96195.0, 10500.0]], "asks": [[96272.5, 3110.0], [96300.0, 4460.0], [96302.5, 4350.0], [96305.0, 10500.0], [96310.0, 6380.0], [96312.5, 2000.0], [96315.0, 20500.0], [96325.0, 13160.0], [96327.5, 43860.0], [96330.0, 3150.0], [96332.5, 10800.0], [96340.0, 3150.0], [96342.5, 10500.0], [96350.0, 6110.0], [96352.5, 21680.0], [96357.5, 20.0], [96360.0, 3150.0], [96362.5, 10500.0], [96370.0, 3150.0], [96372.5, 10500.0]]}}}
{"jsonrpc": "2.0", "method": "subscription", "params": {"channel": "book.BTC-10JAN25.none.20.100ms", "data": {"timestamp": 1735834063962, "change_id": 84065912924, "instrument_name": "BTC-10JAN25", "bids": [[96620.0, 5000.0], [96612.5, 1300.0], [96610.0, 4330.0], [96605.0, 2250.0], [96602.5, 7500.0], [96600.0, 8240.0], [96597.5, 10000.0], [96595.0, 25330.0], [96592.5, 7500.0], [96585.0, 2250.0], [96582.5, 7500.0], [96570.0, 2250.0], [96567.5, 7500.0], [96565.0, 4840.0], [96562.5, 16140.0], [96560.0, 2250.0], [96557.5, 7500.0], [96552.5, 20.0], [96545.0, 2250.0], [96542.5, 7500.0]], "asks": [[96625.0, 5440.0], [96627.5, 15000.0], [96630.0, 3120.0], [96632.5, 3300.0], [96635.0, 8800.0], [96637.5, 4330.0], [96640.0, 15990.0], [96642.5, 50000.0], [96645.0, 5560.0], [96647.5, 7520.0], [96657.5, 7500.0], [96662.5, 10000.0], [96670.0, 2340.0], [96675.0, 12260.0], [96677.5, 14850.0], [96680.0, 16890.0], [96682.5, 50000.0], [96685.0, 7500.0], [96692.5, 2250.0], [96695.0, 9500.0]]}}}
{"jsonrpc": "2.0", "method": "subscription", "params": {"channel": "book.BTC-3JAN25.none.20.100ms", "data": {"timestamp": 1735834064280, "change_id": 84065913127, "instrument_name": "BTC-3JAN25", "bids": [[96270.0, 17800.0], [96267.5, 30800.0], [96265.0, 37750.0], [96262.5, 80300.0], [96260.0, 15840.0], [96257.5, 7300.0], [96255.0, 13650.0], [96250.0, 10000.0], [96245.0, 3150.0], [96242.5, 10500.0], [96235.0, 3150.0], [96232.5, 10500.0], [96227.5, 13550.0], [96225.0, 48320.0], [96222.5, 10500.0], [96220.0, 14800.0], [96215.0, 3170.0], [96212.5, 10500.0], [96197.5, 3150.0], [96195.0, 10500.0]], "asks": [[96272.5, 3110.0], [96290.0, 3150.0], [96292.5, 10500.0], [96300.0, 4460.0], [96302.5, 4350.0], [96305.0, 10500.0], [96310.0, 6380.0], [96312.5, 2000.0], [96315.0, 20500.0], [96325.0, 13160.0], [96327.5, 43860.0], [96330.0, 3150.0], [96332.5, 10800.0], [96340.0, 3150.0], [96342.5, 10500.0], [96350.0, 6110.0], [96352.5, 21680.0], [96357.5, 20.0], [96360.0, 3150.0], [96362.5, 10500.0]]}}}
{"jsonrpc": "2.0", "method": "subscription", "params": {"channel": "book.BTC-3JAN25.none.20.100ms", "data": {"timestamp": 1735834064474, "change_id": 84065913425, "instrument_name": "BTC-3JAN25", "bids": [[96270.0, 7300.0], [96267.5, 30800.0], [96265.0, 37750.0], [96262.5, 80300.0], [96260.0, 5340.0], [96257.5, 7300.0], [96255.0, 13650.0], [96250.0, 10000.0], [96245.0, 3150.0], [96242.5, 10500.0], [96235.0, 3150.0], [96232.5, 10500.0], [96227.5, 13550.0], [96225.0, 48320.0], [96222.5, 10500.0], [96220.0, 14800.0], [96215.0, 3170.0], [96212.5, 10500.0], [96197.5, 3150.0], [96195.0, 10500.0]], "asks": [[96272.5, 3110.0], [96290.0, 3150.0], [96292.5, 10500.0], [96295.0, 4350.0], [96305.0, 10500.0], [96310.0, 6380.0], [96312.5, 2000.0], [96315.0, 20500.0], [96325.0, 13160.0], [96327.5, 43860.0], [96330.0, 3150.0], [96332.5, 10800.0], [96340.0, 3150.0], [96342.5, 10500.0], [96350.0, 6110.0], [96352.5, 21680.0], [96357.5, 20.0], [96360.0, 3150.0], [96362.5, 10500.0], [96370.0, 3150.0]]}}}
{"jsonrpc": "2.0", "method": "subscription", "params": {"channel": "book.BTC-10JAN25.none.20.100ms", "data": {"timestamp": 1735834064579, "change_id": 84065913527, "instrument_name": "BTC-10JAN25", "bids": [[96615.0, 5000.0], [96605.0, 1020.0], [96602.5, 4330.0], [96600.0, 8240.0], [96597.5, 10000.0], [96595.0, 25330.0], [96592.5, 7500.0], [96585.0, 2250.0], [96582.5, 7500.0], [96570.0, 2250.0], [96567.5, 7500.0], [96565.0, 4840.0], [96562.5, 16140.0], [96560.0, 2250.0], [96557.5, 7500.0], [96552.5, 20.0], [96545.0, 2250.0], [96542.5, 7500.0], [96535.0, 2260.0], [96532.5, 7500.0]], "asks": [[96620.0, 5160.0], [96622.5, 3300.0], [96625.0, 8740.0], [96627.5, 15000.0], [96630.0, 3120.0], [96632.5, 3300.0], [96635.0, 23640.0], [96637.5, 54330.0], [96642.5, 990.0], [96645.0, 5560.0], [96647.5, 7520.0], [96657.5, 7500.0], [96662.5, 10000.0], [96670.0, 2340.0], [96675.0, 12260.0], [96677.5, 14850.0], [96680.0, 16890.0], [96682.5, 50000.0], [96685.0, 7500.0], [96692.5, 2250.0]]}}}
{"jsonrpc": "2.0", "method": "subscription", "params": {"channel": "book.BTC-10JAN25.none.20.100ms", "data": {"timestamp": 1735834064937, "change_id": 84065914349, "instrument_name": "BTC-10JAN25", "bids": [[96610.0, 5000.0], [96600.0, 8240.0], [96597.5, 10000.0], [96595.0, 29660.0], [96592.5, 7500.0], [96585.0, 2250.0], [96582.5, 7500.0], [96570.0, 2250.0], [96567.5, 7500.0], [96560.0, 2250.0], [96557.5, 7500.0], [96552.5, 20.0], [96545.0, 2250.0], [96542.5, 7500.0], [96535.0, 2260.0], [96532.5, 7500.0], [96530.0, 320.0], [96525.0, 9690.0], [96520.0, 7500.0], [96517.5, 16560.0]], "asks": [[96615.0, 5280.0], [96617.5, 3300.0], [96620.0, 22030.0], [96622.5, 3300.0], [96625.0, 66240.0], [96627.5, 15000.0], [96630.0, 7450.0], [96632.5, 3300.0], [96635.0, 8800.0], [96645.0, 2260.0], [96647.5, 7520.0], [96655.0, 7020.0], [96657.5, 23400.0], [96662.5, 10000.0], [96670.0, 2340.0], [96675.0, 12260.0], [96677.5, 14850.0], [96680.0, 16890.0], [96682.5, 50000.0], [96685.0, 7500.0]]}}}
{"jsonrpc": "2.0", "method": "subscription", "params": {"channel": "book.BTC-3JAN25.none.20.100ms", "data": {"timestamp": 1735834064870, "change_id": 84065914196, "instrument_name": "BTC-3JAN25", "bids": [[96270.0, 11680.0], [96267.5, 7300.0], [96265.0, 16390.0], [96262.5, 30300.0], [96260.0, 26150.0], [96257.5, 81650.0], [96255.0, 13650.0], [96250.0, 10000.0], [96245.0, 3150.0], [96242.5, 10500.0], [96235.0, 3150.0], [96232.5, 10500.0], [96227.5, 13550.0], [96225.0, 48320.0], [96222.5, 10500.0], [96220.0, 14800.0], [96215.0, 3170.0], [96212.5, 10500.0], [96197.5, 3150.0], [96195.0, 10500.0]], "asks": [[96275.0, 18410.0], [96285.0, 1310.0], [96287.5, 4350.0], [96290.0, 3150.0], [96292.5, 10500.0], [96302.5, 3150.0], [96305.0, 20500.0], [96310.0, 3170.0], [96312.5, 2000.0], [96315.0, 10500.0], [96325.0, 13160.0], [96327.5, 43860.0], [96330.0, 3150.0], [96332.5, 10800.0], [96340.0, 3150.0], [96342.5, 10500.0], [96350.0, 6110.0], [96352.5, 21680.0], [96357.5, 20.0], [96360.0, 3150.0]]}}}
{"jsonrpc": "2.0", "method": "subscription", "params": {"channel": "book.BTC-3JAN25.none.20.100ms", "data": {"timestamp": 1735834065092, "change_id": 84065914577, "instrument_name": "BTC-3JAN25", "bids": [[96270.0, 22180.0], [96267.5, 7300.0], [96265.0, 16390.0], [96262.5, 30300.0], [96260.0, 26150.0], [96257.5, 81650.0], [96255.0, 13650.0], [96250.0, 10000.0], [96245.0, 3150.0], [96242.5, 10500.0], [96235.0, 3150.0], [96232.5, 10500.0], [96227.5, 13550.0], [96225.0, 48320.0], [96222.5, 10500.0], [96220.0, 14800.0], [96215.0, 3170.0], [96212.5, 10500.0], [96197.5, 3150.0], [96195.0, 10500.0]], "asks": [[96275.0, 610.0], [96285.0, 1310.0], [96287.5, 4350.0], [96290.0, 3150.0], [96292.5, 10500.0], [96302.5, 3150.0], [96305.0, 20500.0], [96310.0, 14360.0], [96312.5, 2000.0], [96315.0, 10500.0], [96325.0, 13160.0], [96327.5, 43860.0], [96330.0, 3150.0], [96332.5, 10800.0], [96340.0, 3150.0], [96342.5, 10500.0], [96350.0, 6110.0], [96352.5, 21680.0], [96357.5, 20.0], [96360.0, 3150.0]]}}}
{"jsonrpc": "2.0", "method": "subscription", "params": {"channel": "book.BTC-10JAN25.none.20.100ms", "data": {"timestamp": 1735834065090, "change_id": 84065914569, "instrument_name": "BTC-10JAN25", "bids": [[96610.0, 5000.0], [96600.0, 8240.0], [96597.5, 10000.0], [96595.0, 29660.0], [96592.5, 7500.0], [96585.0, 2250.0], [96582.5, 7500.0], [96570.0, 2250.0], [96567.5, 7500.0], [96560.0, 2250.0], [96557.5, 7500.0], [96552.5, 20.0], [96545.0, 2250.0], [96542.5, 7500.0], [96535.0, 2260.0], [96532.5, 7500.0], [96530.0, 320.0], [96525.0, 9690.0], [96520.0, 7500.0], [96517.5, 16560.0]], "asks": [[96615.0, 5280.0], [96617.5, 3300.0], [96620.0, 22030.0], [96622.5, 3300.0], [96625.0, 58740.0], [96627.5, 15000.0], [96630.0, 7450.0], [96632.5, 3300.0], [96635.0, 8800.0], [96645.0, 2260.0], [96647.5, 7520.0], [96657.5, 7500.0], [96662.5, 10000.0], [96670.0, 2340.0], [96675.0, 12260.0], [96677.5, 14850.0], [96680.0, 16890.0], [96682.5, 50000.0], [96685.0, 7500.0], [96692.5, 2250.0]]}}}
{"jsonrpc": "2.0", "method": "subscription", "params": {"channel": "book.BTC-10JAN25.none.20.100ms", "data": {"timestamp": 1735834065567, "change_id": 84065914937, "instrument_name": "BTC-10JAN25", "bids": [[96610.0, 5000.0], [96600.0, 8240.0], [96597.5, 10000.0], [96595.0, 29660.0], [96592.5, 7500.0], [96585.0, 2250.0], [96582.5, 7500.0], [96570.0, 2250.0], [96567.5, 7500.0], [96560.0, 2250.0], [96557.5, 7500.0], [96552.5, 20.0], [96545.0, 2250.0], [96542.5, 7500.0], [96535.0, 2260.0], [96532.5, 7500.0], [96530.0, 320.0], [96525.0, 9690.0], [96520.0, 7500.0], [96517.5, 16560.0]], "asks": [[96615.0, 4290.0], [96617.5, 3300.0], [96620.0, 18730.0], [96622.5, 3300.0], [96625.0, 58740.0], [96627.5, 15000.0], [96630.0, 7450.0], [96632.5, 3300.0], [96635.0, 8800.0], [96645.0, 2260.0], [96647.5, 7520.0], [96657.5, 7500.0], [96662.5, 10000.0], [96670.0, 2340.0], [96675.0, 12260.0], [96677.5, 14850.0], [96680.0, 16890.0], [96682.5, 50000.0], [96685.0, 7500.0], [96692.5, 2250.0]]}}}
{"jsonrpc": "2.0", "method": "subscription", "params": {"channel": "book.BTC-3JAN25.none.20.100ms", "data": {"timestamp": 1735834065594, "change_id": 84065914941, "instrument_name": "BTC-3JAN25", "bids": [[96272.5, 9490.0], [96270.0, 11680.0], [96267.5, 7300.0], [96265.0, 16390.0], [96262.5, 30300.0], [96260.0, 26150.0], [96257.5, 74350.0], [96255.0, 16260.0], [96252.5, 10500.0], [96250.0, 10000.0], [96245.0, 3150.0], [96242.5, 10500.0], [96235.0, 3150.0], [96232.5, 10500.0], [96227.5, 13550.0], [96225.0, 48320.0], [96222.5, 10500.0], [96220.0, 14800.0], [96215.0, 3170.0], [96212.5, 10500.0]], "asks": [[96277.5, 17710.0], [96280.0, 5500.0], [96282.5, 10990.0], [96285.0, 1310.0], [96287.5, 4350.0], [96290.0, 3150.0], [96292.5, 10500.0], [96302.5, 5760.0], [96305.0, 20500.0], [96307.5, 3360.0], [96310.0, 14360.0], [96312.5, 2000.0], [96315.0, 10500.0], [96325.0, 13160.0], [96327.5, 43860.0], [96330.0, 3150.0], [96332.5, 10800.0], [96340.0, 3150.0], [96342.5, 10500.0], [96350.0, 6110.0]]}}}
{"jsonrpc": "2.0", "method": "subscription", "params": {"channel": "book.BTC-3JAN25.none.20.100ms", "data": {"timestamp": 1735834065840, "change_id": 84065915141, "instrument_name": "BTC-3JAN25", "bids": [[96272.5, 7300.0], [96270.0, 4380.0], [96267.5, 7300.0], [96265.0, 16390.0], [96262.5, 26900.0], [96260.0, 26150.0], [96257.5, 74350.0], [96255.0, 16260.0], [96252.5, 10500.0], [96250.0, 10000.0], [96245.0, 3150.0], [96242.5, 10500.0], [96235.0, 3150.0], [96232.5, 10500.0], [96227.5, 13550.0], [96225.0, 52370.0], [96222.5, 10500.0], [96220.0, 14800.0], [96215.0, 3170.0], [96212.5, 10500.0]], "asks": [[96275.0, 18410.0], [96277.5, 10500.0], [96282.5, 2190.0], [96285.0, 8610.0], [96287.5, 4350.0], [96290.0, 3150.0], [96292.5, 10500.0], [96302.5, 5760.0], [96305.0, 20500.0], [96307.5, 3360.0], [96310.0, 14360.0], [96312.5, 2000.0], [96315.0, 10500.0], [96325.0, 13160.0], [96327.5, 43860.0], [96330.0, 3150.0], [96332.5, 10800.0], [96340.0, 3150.0], [96342.5, 10500.0], [96350.0, 6110.0]]}}}
{"jsonrpc": "2.0", "method": "subscription", "params": {"channel": "book.BTC-10JAN25.none.20.100ms", "data": {"timestamp": 1735834065838, "change_id": 84065915139, "instrument_name": "BTC-10JAN25", "bids": [[96610.0, 5000.0], [96600.0, 8240.0], [96597.5, 10000.0], [96595.0, 29660.0], [96592.5, 7500.0], [96585.0, 2250.0], [96582.5, 7500.0], [96570.0, 2250.0], [96567.5, 7500.0], [96560.0, 2250.0], [96557.5, 7500.0], [96552.5, 20.0], [96545.0, 2250.0], [96542.5, 7500.0], [96535.0, 2260.0], [96532.5, 7500.0], [96530.0, 320.0], [96525.0, 9690.0], [96520.0, 12470.0], [96517.5, 16560.0]], "asks": [[96615.0, 4290.0], [96617.5, 3300.0], [96620.0, 18730.0], [96622.5, 3300.0], [96625.0, 66240.0], [96627.5, 15000.0], [96630.0, 7450.0], [96632.5, 3300.0], [96635.0, 8800.0], [96645.0, 2260.0], [96647.5, 7520.0], [96650.0, 3000.0], [96652.5, 10000.0], [96657.5, 7500.0], [96670.0, 2340.0], [96675.0, 12260.0], [96677.5, 14850.0], [96680.0, 16890.0], [96682.5, 50000.0], [96685.0, 7500.0]]}}}
{"jsonrpc": "2.0", "method": "subscription", "params": {"channel": "book.BTC-3JAN25.none.20.100ms", "data": {"timestamp": 1735834066002, "change_id": 84065915223, "instrument_name": "BTC-3JAN25", "bids": [[96272.5, 7300.0], [96270.0, 4380.0], [96267.5, 7300.0], [96265.0, 16390.0], [96262.5, 26900.0], [96260.0, 26150.0], [96257.5, 74350.0], [96255.0, 16260.0], [96252.5, 10500.0], [96250.0, 10000.0], [96245.0, 3150.0], [96242.5, 10500.0], [96235.0, 3150.0], [96232.5, 10500.0], [96227.5, 13550.0], [96225.0, 52370.0], [96222.5, 10500.0], [96220.0, 14800.0], [96215.0, 3170.0], [96212.5, 10500.0]], "asks": [[96275.0, 18390.0], [96277.5, 10500.0], [96282.5, 2190.0], [96285.0, 8610.0], [96287.5, 4350.0], [96290.0, 3150.0], [96292.5, 10500.0], [96302.5, 5760.0], [96305.0, 20500.0], [96307.5, 3360.0], [96310.0, 14360.0], [96312.5, 2000.0], [96315.0, 10500.0], [96325.0, 13160.0], [96327.5, 43860.0], [96330.0, 3150.0], [96332.5, 10800.0], [96340.0, 3150.0], [96342.5, 10500.0], [96350.0, 6110.0]]}}}
{"jsonrpc": "2.0", "method": "subscription", "params": {"channel": "book.BTC-10JAN25.none.20.100ms", "data": {"timestamp": 1735834065996, "change_id": 84065915221, "instrument_name": "BTC-10JAN25", "bids": [[96610.0, 5000.0], [96600.0, 8240.0], [96597.5, 10000.0], [96595.0, 29660.0], [96592.5, 7500.0], [96585.0, 2250.0], [96582.5, 7500.0], [96570.0, 2250.0], [96567.5, 7500.0], [96560.0, 2250.0], [96557.5, 7500.0], [96552.5, 20.0], [96545.0, 2250.0], [96542.5, 7500.0], [96535.0, 2260.0], [96532.5, 7500.0], [96530.0, 320.0], [96525.0, 9690.0], [96520.0, 12470.0], [96517.5, 16560.0]], "asks": [[96615.0, 4290.0], [96617.5, 3300.0], [96620.0, 18730.0], [96622.5, 3300.0], [96625.0, 66240.0], [96627.5, 15000.0], [96630.0, 7450.0], [96632.5, 3300.0], [96635.0, 8800.0], [96645.0, 2260.0], [96647.5, 7520.0], [96650.0, 3000.0], [96652.5, 26210.0], [96657.5, 7500.0], [96670.0, 2340.0], [96675.0, 12260.0], [96677.5, 14850.0], [96680.0, 16890.0], [96682.5, 50000.0], [96685.0, 7500.0]]}}}
{"jsonrpc": "2.0", "method": "subscription", "params": {"channel": "book.BTC-10JAN25.none.20.100ms", "data": {"timestamp": 1735834066577, "change_id": 84065915568, "instrument_name": "BTC-10JAN25", "bids": [[96607.5, 5000.0], [96600.0, 8240.0], [96595.0, 29660.0], [96592.5, 7500.0], [96587.5, 3000.0], [96585.0, 12250.0], [96582.5, 7500.0], [96570.0, 2250.0], [96567.5, 7500.0], [96560.0, 2250.0], [96557.5, 7500.0], [96552.5, 20.0], [96545.0, 2250.0], [96542.5, 7500.0], [96535.0, 2260.0], [96532.5, 7500.0], [96530.0, 320.0], [96525.0, 9690.0], [96520.0, 12470.0], [96517.5, 16560.0]], "asks": [[96610.0, 3300.0], [96612.5, 3300.0], [96615.0, 8670.0], [96617.5, 18300.0], [96620.0, 18730.0], [96622.5, 3300.0], [96625.0, 62940.0], [96630.0, 7450.0], [96632.5, 3300.0], [96635.0, 8800.0], [96645.0, 2260.0], [96647.5, 7520.0], [96650.0, 3000.0], [96652.5, 26210.0], [96657.5, 7500.0], [96670.0, 2340.0], [96675.0, 12260.0], [96677.5, 14850.0], [96680.0, 16890.0], [96682.5, 50000.0]]}}}
{"jsonrpc": "2.0", "method": "subscription", "params": {"channel": "book.BTC-3JAN25.none.20.100ms", "data": {"timestamp": 1735834066407, "change_id": 84065915452, "instrument_name": "BTC-3JAN25", "bids": [[96267.5, 9490.0], [96265.0, 16390.0], [96262.5, 26900.0], [96260.0, 26150.0], [96257.5, 70000.0], [96255.0, 13650.0], [96250.0, 14350.0], [96245.0, 3150.0], [96242.5, 10500.0], [96235.0, 3150.0], [96232.5, 10500.0], [96227.5, 13550.0], [96225.0, 52370.0], [96222.5, 10500.0], [96220.0, 14800.0], [96215.0, 3170.0], [96212.5, 10500.0], [96197.5, 3150.0], [96195.0, 10500.0], [96190.0, 300.0]], "asks": [[96272.5, 26410.0], [96275.0, 10970.0], [96280.0, 5340.0], [96282.5, 10500.0], [96285.0, 8610.0], [96287.5, 4350.0], [96290.0, 3150.0], [96292.5, 10500.0], [96302.5, 5760.0], [96305.0, 20500.0], [96307.5, 3360.0], [96310.0, 14360.0], [96312.5, 2000.0], [96315.0, 10500.0], [96325.0, 13160.0], [96327.5, 43860.0], [96330.0, 3150.0], [96332.5, 10800.0], [96340.0, 3150.0], [96342.5, 10500.0]]}}}
{"jsonrpc": "2.0", "method": "subscription", "params": {"channel": "book.BTC-10JAN25.none.20.100ms", "data": {"timestamp": 1735834066848, "change_id": 84065916012, "instrument_name": "BTC-10JAN25", "bids": [[96610.0, 280.0], [96600.0, 8240.0], [96595.0, 29660.0], [96592.5, 7500.0], [96587.5, 3000.0], [96585.0, 12250.0], [96582.5, 7500.0], [96570.0, 2250.0], [96567.5, 7500.0], [96560.0, 2250.0], [96557.5, 7500.0], [96552.5, 20.0], [96545.0, 2250.0], [96542.5, 7500.0], [96535.0, 2260.0], [96532.5, 7500.0], [96530.0, 320.0], [96527.5, 2230.0], [96525.0, 9690.0], [96520.0, 12470.0]], "asks": [[96615.0, 5370.0], [96617.5, 18300.0], [96620.0, 18730.0], [96622.5, 3300.0], [96625.0, 55440.0], [96630.0, 6460.0], [96635.0, 8800.0], [96645.0, 2260.0], [96647.5, 7520.0], [96650.0, 3000.0], [96652.5, 10000.0], [96655.0, 2250.0], [96657.5, 7500.0], [96670.0, 2340.0], [96675.0, 12260.0], [96677.5, 14850.0], [96680.0, 16890.0], [96682.5, 50000.0], [96685.0, 12520.0], [96687.5, 16720.0]]}}}
{"jsonrpc": "2.0", "method": "subscription", "params": {"channel": "book.BTC-3JAN25.none.20.100ms", "data": {"timestamp": 1735834066946, "change_id": 84065916150, "instrument_name": "BTC-3JAN25", "bids": [[96270.0, 11680.0], [96267.5, 7300.0], [96265.0, 16390.0], [96262.5, 30300.0], [96260.0, 23010.0], [96257.5, 74350.0], [96255.0, 13650.0], [96250.0, 10000.0], [96245.0, 3150.0], [96242.5, 10500.0], [96235.0, 3150.0], [96232.5, 10500.0], [96227.5, 13550.0], [96225.0, 52370.0], [96222.5, 10500.0], [96220.0, 14800.0], [96215.0, 3170.0], [96212.5, 10500.0], [96197.5, 3150.0], [96195.0, 10500.0]], "asks": [[96275.0, 580.0], [96280.0, 2190.0], [96285.0, 8610.0], [96287.5, 4350.0], [96290.0, 3150.0], [96292.5, 10500.0], [96302.5, 5760.0], [96305.0, 20500.0], [96307.5, 3360.0], [96310.0, 14360.0], [96312.5, 2000.0], [96315.0, 10500.0], [96325.0, 13160.0], [96327.5, 43860.0], [96330.0, 3150.0], [96332.5, 10800.0], [96340.0, 3150.0], [96342.5, 10500.0], [96350.0, 6110.0], [96352.5, 21680.0]]}}}
{"jsonrpc": "2.0", "method": "subscription", "params": {"channel": "book.BTC-10JAN25.none.20.100ms", "data": {"timestamp": 1735834067074, "change_id": 84065916591, "instrument_name": "BTC-10JAN25", "bids": [[96612.5, 280.0], [96605.0, 3270.0], [96602.5, 11830.0], [96600.0, 8240.0], [96595.0, 25330.0], [96592.5, 7500.0], [96587.5, 3000.0], [96585.0, 12250.0], [96582.5, 7500.0], [96570.0, 2250.0], [96567.5, 7500.0], [96560.0, 2250.0], [96557.5, 7500.0], [96552.5, 20.0], [96545.0, 2250.0], [96542.5, 7500.0], [96535.0, 2260.0], [96532.5, 7500.0], [96530.0, 320.0], [96527.5, 2230.0]], "asks": [[96620.0, 990.0], [96622.5, 3300.0], [96625.0, 5810.0], [96627.5, 15000.0], [96630.0, 21310.0], [96632.5, 50000.0], [96635.0, 8800.0], [96645.0, 2260.0], [96647.5, 7520.0], [96650.0, 3000.0], [96652.5, 10000.0], [96655.0, 2250.0], [96657.5, 7500.0], [96670.0, 2340.0], [96675.0, 12260.0], [96677.5, 14850.0], [96680.0, 16890.0], [96682.5, 50000.0], [96685.0, 12520.0], [96687.5, 16720.0]]}}}
{"jsonrpc": "2.0", "method": "subscription", "params": {"channel": "book.BTC-3JAN25.none.20.100ms", "data": {"timestamp": 1735834067137, "change_id": 84065916671, "instrument_name": "BTC-3JAN25", "bids": [[96272.5, 9490.0], [96270.0, 11680.0], [96267.5, 7300.0], [96265.0, 20740.0], [96262.5, 30300.0], [96260.0, 33510.0], [96257.5, 70000.0], [96255.0, 3150.0], [96250.0, 10000.0], [96245.0, 3150.0], [96242.5, 10500.0], [96235.0, 3150.0], [96232.5, 10500.0], [96227.5, 13550.0], [96225.0, 52370.0], [96222.5, 10500.0], [96220.0, 14800.0], [96215.0, 3170.0], [96212.5, 10500.0], [96197.5, 3150.0]], "asks": [[96277.5, 580.0], [96280.0, 2190.0], [96285.0, 8610.0], [96292.5, 4290.0], [96295.0, 14850.0], [96302.5, 5760.0], [96305.0, 20500.0], [96307.5, 3360.0], [96310.0, 14360.0], [96312.5, 2000.0], [96315.0, 10500.0], [96325.0, 13160.0], [96327.5, 43860.0], [96330.0, 3150.0], [96332.5, 10800.0], [96340.0, 3150.0], [96342.5, 10500.0], [96350.0, 6110.0], [96352.5, 21680.0], [96357.5, 20.0]]}}}
{"jsonrpc": "2.0", "method": "subscription", "params": {"channel": "book.BTC-10JAN25.none.20.100ms", "data": {"timestamp": 1735834067544, "change_id": 84065916977, "instrument_name": "BTC-10JAN25", "bids": [[96615.0, 4520.0], [96605.0, 3270.0], [96602.5, 11830.0], [96600.0, 8240.0], [96595.0, 35330.0], [96592.5, 7500.0], [96585.0, 2250.0], [96582.5, 7500.0], [96570.0, 2250.0], [96567.5, 7500.0], [96560.0, 2250.0], [96557.5, 7500.0], [96552.5, 20.0], [96545.0, 2250.0], [96542.5, 7500.0], [96535.0, 2260.0], [96532.5, 7500.0], [96530.0, 320.0], [96527.5, 2230.0], [96525.0, 9690.0]], "asks": [[96620.0, 4290.0], [96622.5, 3300.0], [96625.0, 5810.0], [96627.5, 15000.0], [96630.0, 21310.0], [96632.5, 50000.0], [96635.0, 8800.0], [96645.0, 2260.0], [96647.5, 7520.0], [96650.0, 3000.0], [96652.5, 10000.0], [96655.0, 2250.0], [96657.5, 7500.0], [96670.0, 2340.0], [96675.0, 12260.0], [96677.5, 14850.0], [96680.0, 16890.0], [96682.5, 50000.0], [96685.0, 12520.0], [96687.5, 16720.0]]}}}
{"jsonrpc": "2.0", "method": "subscription", "params": {"channel": "book.BTC-3JAN25.none.20.100ms", "data": {"timestamp": 1735834067528, "change_id": 84065916962, "instrument_name": "BTC-3JAN25", "bids": [[96272.5, 9490.0], [96270.0, 11680.0], [96267.5, 7300.0], [96265.0, 33400.0], [96262.5, 30300.0], [96260.0, 89650.0], [96257.5, 4350.0], [96255.0, 3150.0], [96250.0, 10000.0], [96245.0, 3150.0], [96242.5, 10500.0], [96235.0, 3150.0], [96232.5, 10500.0], [96227.5, 13550.0], [96225.0, 52370.0], [96222.5, 10500.0], [96220.0, 14800.0], [96215.0, 3170.0], [96212.5, 10500.0], [96197.5, 3150.0]], "asks": [[96277.5, 580.0], [96280.0, 2190.0], [96285.0, 8610.0], [96292.5, 4290.0], [96295.0, 14850.0], [96302.5, 5760.0], [96305.0, 20500.0], [96307.5, 3360.0], [96310.0, 14360.0], [96312.5, 2000.0], [96315.0, 10500.0], [96325.0, 13160.0], [96327.5, 43860.0], [96330.0, 3150.0], [96332.5, 10800.0], [96340.0, 3150.0], [96342.5, 10500.0], [96350.0, 6110.0], [96352.5, 21680.0], [96357.5, 20.0]]}}}
{"jsonrpc": "2.0", "method": "subscription", "params": {"channel": "book.BTC-3JAN25.none.20.100ms", "data": {"timestamp": 1735834067902, "change_id": 84065917240, "instrument_name": "BTC-3JAN25", "bids": [[96272.5, 17800.0], [96270.0, 4380.0], [96267.5, 7300.0], [96265.0, 33400.0], [96262.5, 30300.0], [96260.0, 89650.0], [96257.5, 4350.0], [96255.0, 3150.0], [96250.0, 10000.0], [96245.0, 3150.0], [96242.5, 10500.0], [96235.0, 3150.0], [96232.5, 10500.0], [96227.5, 13550.0], [96225.0, 52370.0], [96222.5, 10500.0], [96220.0, 14800.0], [96215.0, 3170.0], [96212.5, 10500.0], [96197.5, 3150.0]], "asks": [[96277.5, 580.0], [96292.5, 4290.0], [96295.0, 14850.0], [96302.5, 5760.0], [96305.0, 20500.0], [96307.5, 3360.0], [96310.0, 14360.0], [96312.5, 2000.0], [96315.0, 10500.0], [96325.0, 13160.0], [96327.5, 43860.0], [96330.0, 3150.0], [96332.5, 10800.0], [96340.0, 3150.0], [96342.5, 10500.0], [96350.0, 6110.0], [96352.5, 21680.0], [96357.5, 20.0], [96360.0, 3150.0], [96362.5, 10500.0]]}}}
{"jsonrpc": "2.0", "method": "subscription", "params": {"channel": "book.BTC-10JAN25.none.20.100ms", "data": {"timestamp": 1735834067853, "change_id": 84065917209, "instrument_name": "BTC-10JAN25", "bids": [[96615.0, 4520.0], [96605.0, 3270.0], [96602.5, 11830.0], [96600.0, 8240.0], [96595.0, 35330.0], [96592.5, 7500.0], [96585.0, 2250.0], [96582.5, 7500.0], [96570.0, 2250.0], [96567.5, 7500.0], [96560.0, 2250.0], [96557.5, 7500.0], [96552.5, 20.0], [96545.0, 2250.0], [96542.5, 7500.0], [96535.0, 2260.0], [96532.5, 7500.0], [96530.0, 320.0], [96527.5, 2230.0], [96525.0, 9690.0]], "asks": [[96620.0, 4290.0], [96622.5, 3300.0], [96625.0, 5810.0], [96627.5, 15000.0], [96630.0, 21310.0], [96632.5, 50000.0], [96635.0, 8800.0], [96645.0, 2260.0], [96647.5, 7520.0], [96650.0, 3000.0], [96652.5, 10000.0], [96655.0, 2250.0], [96657.5, 7500.0], [96670.0, 2340.0], [96675.0, 12260.0], [96677.5, 14850.0], [96680.0, 16890.0], [96682.5, 50000.0], [96685.0, 12520.0], [96687.5, 16720.0]]}}}
{"jsonrpc": "2.0", "method": "subscription", "params": {"channel": "book.BTC-3JAN25.none.20.100ms", "data": {"timestamp": 1735834068264, "change_id": 84065917734, "instrument_name": "BTC-3JAN25", "bids": [[96277.5, 9490.0], [96275.0, 12640.0], [96272.5, 17800.0], [96270.0, 18830.0], [96267.5, 7300.0], [96265.0, 86390.0], [96262.5, 26900.0], [96260.0, 11810.0], [96257.5, 4350.0], [96255.0, 3150.0], [96250.0, 10000.0], [96245.0, 3150.0], [96242.5, 10500.0], [96240.0, 13550.0], [96237.5, 45170.0], [96235.0, 3150.0], [96232.5, 10500.0], [96225.0, 7200.0], [96222.5, 10500.0], [96220.0, 14800.0]], "asks": [[96282.5, 13050.0], [96287.5, 5400.0], [96290.0, 490.0], [96292.5, 4290.0], [96295.0, 14850.0], [96302.5, 5760.0], [96305.0, 20500.0], [96307.5, 3360.0], [96310.0, 14360.0], [96312.5, 2000.0], [96315.0, 10500.0], [96325.0, 13160.0], [96327.5, 43860.0], [96330.0, 3150.0], [96332.5, 10800.0], [96340.0, 3150.0], [96342.5, 10500.0], [96350.0, 6110.0], [96352.5, 21680.0], [96357.5, 20.0]]}}}
{"jsonrpc": "2.0", "method": "subscription", "params": {"channel": "book.BTC-10JAN25.none.20.100ms", "data": {"timestamp": 1735834068232, "change_id": 84065917598, "instrument_name": "BTC-10JAN25", "bids": [[96617.5, 280.0], [96605.0, 3270.0], [96602.5, 11830.0], [96600.0, 8240.0], [96595.0, 35330.0], [96592.5, 7500.0], [96585.0, 2250.0], [96582.5, 7500.0], [96570.0, 2250.0], [96567.5, 7500.0], [96560.0, 2250.0], [96557.5, 7500.0], [96552.5, 20.0], [96545.0, 2250.0], [96542.5, 7500.0], [96535.0, 2260.0], [96532.5, 7500.0], [96530.0, 320.0], [96527.5, 2230.0], [96525.0, 9690.0]], "asks": [[96620.0, 4290.0], [96622.5, 3300.0], [96625.0, 5810.0], [96627.5, 15000.0], [96630.0, 21310.0], [96632.5, 50000.0], [96635.0, 8800.0], [96645.0, 2260.0], [96647.5, 7520.0], [96650.0, 3000.0], [96652.5, 10000.0], [96655.0, 2250.0], [96657.5, 7500.0], [96670.0, 2340.0], [96675.0, 12260.0], [96677.5, 14850.0], [96680.0, 16890.0], [96682.5, 50000.0], [96685.0, 12520.0], [96687.5, 16720.0]]}}}
{"jsonrpc": "2.0", "method": "subscription", "params": {"channel": "book.BTC-10JAN25.none.20.100ms", "data": {"timestamp": 1735834068597, "change_id": 84065918432, "instrument_name": "BTC-10JAN25", "bids": [[96622.5, 5000.0], [96615.0, 2250.0], [96612.5, 7500.0], [96605.0, 3270.0], [96602.5, 11830.0], [96600.0, 8240.0], [96595.0, 35330.0], [96592.5, 7500.0], [96585.0, 2250.0], [96582.5, 7500.0], [96570.0, 2250.0], [96567.5, 7500.0], [96560.0, 2250.0], [96557.5, 7500.0], [96552.5, 20.0], [96545.0, 2250.0], [96542.5, 7500.0], [96535.0, 2260.0], [96532.5, 7500.0], [96530.0, 320.0]], "asks": [[96625.0, 10.0], [96627.5, 1300.0], [96630.0, 4330.0], [96637.5, 990.0], [96640.0, 3300.0], [96645.0, 2260.0], [96647.5, 7520.0], [96655.0, 2250.0], [96657.5, 7500.0], [96660.0, 50000.0], [96662.5, 3000.0], [96665.0, 10000.0], [96670.0, 2340.0], [96675.0, 12260.0], [96677.5, 14850.0], [96680.0, 16890.0], [96682.5, 50000.0], [96685.0, 12520.0], [96687.5, 16720.0], [96692.5, 2250.0]]}}}
{"jsonrpc": "2.0", "method": "subscription", "params": {"channel": "book.BTC-3JAN25.none.20.100ms", "data": {"timestamp": 1735834068597, "change_id": 84065918433, "instrument_name": "BTC-3JAN25", "bids": [[96277.5, 19990.0], [96275.0, 12640.0], [96272.5, 17800.0], [96270.0, 18830.0], [96267.5, 27300.0], [96265.0, 70740.0], [96262.5, 26900.0], [96260.0, 10500.0], [96255.0, 3150.0], [96250.0, 10000.0], [96245.0, 3150.0], [96242.5, 10500.0], [96240.0, 13550.0], [96237.5, 45170.0], [96235.0, 3150.0], [96232.5, 10500.0], [96225.0, 7200.0], [96222.5, 10500.0], [96220.0, 14800.0], [96215.0, 3170.0]], "asks": [[96280.0, 610.0], [96292.5, 1310.0], [96295.0, 4350.0], [96302.5, 3150.0], [96305.0, 10500.0], [96307.5, 3360.0], [96310.0, 14360.0], [96312.5, 2000.0], [96315.0, 13500.0], [96317.5, 10000.0], [96325.0, 13160.0], [96327.5, 43860.0], [96330.0, 3150.0], [96332.5, 10800.0], [96340.0, 3150.0], [96342.5, 10500.0], [96350.0, 6110.0], [96352.5, 21680.0], [96357.5, 20.0], [96360.0, 3150.0]]}}}
{"jsonrpc": "2.0", "method": "subscription", "params": {"channel": "book.BTC-3JAN25.none.20.100ms", "data": {"timestamp": 1735834068850, "change_id": 84065919078, "instrument_name": "BTC-3JAN25", "bids": [[96285.0, 7300.0], [96282.5, 7000.0], [96280.0, 9490.0], [96277.5, 7300.0], [96275.0, 5070.0], [96272.5, 7300.0], [96270.0, 29330.0], [96267.5, 70000.0], [96265.0, 7500.0], [96260.0, 10500.0], [96255.0, 3150.0], [96250.0, 10000.0], [96245.0, 3150.0], [96242.5, 10500.0], [96240.0, 13550.0], [96237.5, 45170.0], [96235.0, 3150.0], [96232.5, 10500.0], [96225.0, 7200.0], [96222.5, 10500.0]], "asks": [[96290.0, 11110.0], [96292.5, 1310.0], [96295.0, 4350.0], [96297.5, 2190.0], [96300.0, 7300.0], [96302.5, 3150.0], [96305.0, 10500.0], [96307.5, 3360.0], [96310.0, 14360.0], [96312.5, 2000.0], [96315.0, 13500.0], [96317.5, 10000.0], [96325.0, 13160.0], [96327.5, 43860.0], [96330.0, 3150.0], [96332.5, 10800.0], [96340.0, 3150.0], [96342.5, 10500.0], [96350.0, 6110.0], [96352.5, 21680.0]]}}}
{"jsonrpc": "2.0", "method": "subscription", "params": {"channel": "book.BTC-10JAN25.none.20.100ms", "data": {"timestamp": 1735834068921, "change_id": 84065919204, "instrument_name": "BTC-10JAN25", "bids": [[96622.5, 4900.0], [96605.0, 3270.0], [96602.5, 11830.0], [96600.0, 2810.0], [96595.0, 12250.0], [96592.5, 7500.0], [96585.0, 2250.0], [96582.5, 7500.0], [96570.0, 2250.0], [96567.5, 7500.0], [96560.0, 2250.0], [96557.5, 7500.0], [96552.5, 20.0], [96545.0, 2250.0], [96542.5, 7500.0], [96535.0, 2260.0], [96532.5, 7500.0], [96530.0, 320.0], [96527.5, 2230.0], [96525.0, 9690.0]], "asks": [[96625.0, 10.0], [96630.0, 4500.0], [96632.5, 15000.0], [96635.0, 7500.0], [96637.5, 2170.0], [96640.0, 7630.0], [96645.0, 2260.0], [96647.5, 7520.0], [96655.0, 52250.0], [96657.5, 7500.0], [96662.5, 3000.0], [96665.0, 10000.0], [96670.0, 2340.0], [96675.0, 12260.0], [96677.5, 14850.0], [96680.0, 16890.0], [96682.5, 50000.0], [96685.0, 12520.0], [96687.5, 16720.0], [96692.5, 2250.0]]}}}
{"jsonrpc": "2.0", "method": "subscription", "params": {"channel": "book.BTC-10JAN25.none.20.100ms", "data": {"timestamp": 1735834069216, "change_id": 84065919883, "instrument_name": "BTC-10JAN25", "bids": [[96620.0, 5000.0], [96610.0, 3990.0], [96607.5, 13300.0], [96605.0, 26320.0], [96602.5, 11830.0], [96600.0, 77280.0], [96595.0, 2250.0], [96592.5, 7500.0], [96585.0, 2250.0], [96582.5, 7500.0], [96572.5, 16240.0], [96570.0, 2250.0], [96567.5, 7500.0], [96560.0, 2250.0], [96557.5, 7500.0], [96552.5, 20.0], [96545.0, 2250.0], [96542.5, 7500.0], [96535.0, 2260.0], [96532.5, 7500.0]], "asks": [[96625.0, 10.0], [96630.0, 4500.0], [96632.5, 15000.0], [96637.5, 2170.0], [96640.0, 7630.0], [96645.0, 2260.0], [96647.5, 7520.0], [96655.0, 2250.0], [96657.5, 7500.0], [96660.0, 50000.0], [96662.5, 3000.0], [96665.0, 10000.0], [96670.0, 2340.0], [96675.0, 12260.0], [96677.5, 14850.0], [96680.0, 16890.0], [96682.5, 50000.0], [96685.0, 12520.0], [96687.5, 16720.0], [96692.5, 2250.0]]}}}
{"jsonrpc": "2.0", "method": "subscription", "params": {"channel": "book.BTC-3JAN25.none.20.100ms", "data": {"timestamp": 1735834069177, "change_id": 84065919851, "instrument_name": "BTC-3JAN25", "bids": [[96285.0, 7300.0], [96282.5, 9190.0], [96280.0, 7300.0], [96270.0, 43050.0], [96267.5, 147010.0], [96265.0, 7500.0], [96260.0, 10500.0], [96255.0, 3150.0], [96250.0, 10000.0], [96245.0, 3150.0], [96242.5, 10500.0], [96240.0, 13550.0], [96237.5, 45170.0], [96235.0, 3150.0], [96232.5, 10500.0], [96225.0, 7200.0], [96222.5, 10500.0], [96220.0, 14800.0], [96215.0, 3170.0], [96212.5, 10500.0]], "asks": [[96287.5, 610.0], [96290.0, 10500.0], [96292.5, 1310.0], [96295.0, 4350.0], [96297.5, 2190.0], [96300.0, 7300.0], [96302.5, 3150.0], [96305.0, 10500.0], [96307.5, 3360.0], [96310.0, 14360.0], [96312.5, 2000.0], [96315.0, 13500.0], [96317.5, 10000.0], [96325.0, 13160.0], [96327.5, 43860.0], [96330.0, 3150.0], [96332.5, 10800.0], [96340.0, 3150.0], [96342.5, 10500.0], [96350.0, 6110.0]]}}}
{"jsonrpc": "2.0", "method": "subscription", "params": {"channel": "book.BTC-3JAN25.none.20.100ms", "data": {"timestamp": 1735834069575, "change_id": 84065920611, "instrument_name": "BTC-3JAN25", "bids": [[96285.0, 17800.0], [96282.5, 9190.0], [96280.0, 7300.0], [96277.5, 3150.0], [96275.0, 11810.0], [96272.5, 4350.0], [96270.0, 43050.0], [96267.5, 147010.0], [96265.0, 3150.0], [96260.0, 10500.0], [96255.0, 3150.0], [96252.5, 45170.0], [96250.0, 10000.0], [96245.0, 3150.0], [96242.5, 10500.0], [96235.0, 3150.0], [96232.5, 10500.0], [96230.0, 14800.0], [96225.0, 3150.0], [96222.5, 10500.0]], "asks": [[96287.5, 610.0], [96297.5, 2190.0], [96300.0, 8610.0], [96302.5, 4350.0], [96307.5, 3360.0], [96310.0, 14360.0], [96315.0, 13500.0], [96317.5, 10000.0], [96330.0, 3150.0], [96332.5, 10800.0], [96337.5, 2000.0], [96340.0, 3150.0], [96342.5, 10500.0], [96347.5, 13160.0], [96350.0, 49970.0], [96352.5, 21680.0], [96357.5, 20.0], [96360.0, 3150.0], [96362.5, 10500.0], [96370.0, 3150.0]]}}}
{"jsonrpc": "2.0", "method": "subscription", "params": {"channel": "book.BTC-10JAN25.none.20.100ms", "data": {"timestamp": 1735834069589, "change_id": 84065920640, "instrument_name": "BTC-10JAN25", "bids": [[96622.5, 8300.0], [96620.0, 990.0], [96617.5, 3300.0], [96615.0, 3270.0], [96612.5, 11830.0], [96610.0, 3990.0], [96607.5, 13300.0], [96605.0, 26320.0], [96602.5, 7500.0], [96600.0, 77280.0], [96595.0, 2250.0], [96592.5, 7500.0], [96585.0, 2250.0], [96582.5, 7500.0], [96572.5, 16240.0], [96570.0, 2250.0], [96567.5, 7500.0], [96560.0, 2250.0], [96557.5, 7500.0], [96552.5, 20.0]], "asks": [[96625.0, 10.0], [96630.0, 7800.0], [96632.5, 15000.0], [96637.5, 990.0], [96640.0, 4330.0], [96645.0, 2260.0], [96647.5, 7520.0], [96655.0, 2250.0], [96657.5, 7500.0], [96660.0, 50000.0], [96662.5, 3000.0], [96665.0, 10000.0], [96670.0, 2340.0], [96675.0, 12260.0], [96677.5, 14850.0], [96680.0, 16890.0], [96682.5, 50000.0], [96685.0, 12520.0], [96687.5, 16720.0], [96692.5, 2250.0]]}}}
{"jsonrpc": "2.0", "method": "subscription", "params": {"channel": "book.BTC-3JAN25.none.20.100ms", "data": {"timestamp": 1735834069892, "change_id": 84065920879, "instrument_name": "BTC-3JAN25", "bids": [[96287.5, 23140.0], [96285.0, 22090.0], [96282.5, 7000.0], [96280.0, 12640.0], [96277.5, 7300.0], [96275.0, 11810.0], [96272.5, 4350.0], [96270.0, 21000.0], [96267.5, 70000.0], [96265.0, 5760.0], [96260.0, 20500.0], [96255.0, 13160.0], [96252.5, 45170.0], [96245.0, 3150.0], [96242.5, 10500.0], [96235.0, 3150.0], [96232.5, 10500.0], [96230.0, 14800.0], [96225.0, 3150.0], [96222.5, 10500.0]], "asks": [[96292.5, 4090.0], [96295.0, 490.0], [96300.0, 8610.0], [96302.5, 4350.0], [96307.5, 3360.0], [96310.0, 14360.0], [96315.0, 13500.0], [96317.5, 10000.0], [96330.0, 3150.0], [96332.5, 10800.0], [96335.0, 600.0], [96337.5, 2000.0], [96340.0, 3150.0], [96342.5, 10500.0], [96347.5, 13160.0], [96350.0, 49970.0], [96352.5, 21680.0], [96357.5, 20.0], [96360.0, 3150.0], [96362.5, 10500.0]]}}}
{"jsonrpc": "2.0", "method": "subscription", "params": {"channel": "book.BTC-10JAN25.none.20.100ms", "data": {"timestamp": 1735834069879, "change_id": 84065920869, "instrument_name": "BTC-10JAN25", "bids": [[96622.5, 8300.0], [96620.0, 990.0], [96617.5, 3300.0], [96615.0, 3270.0], [96612.5, 11830.0], [96610.0, 3990.0], [96607.5, 13300.0], [96605.0, 2250.0], [96602.5, 7500.0], [96595.0, 2250.0], [96592.5, 7500.0], [96585.0, 2250.0], [96582.5, 7500.0], [96575.0, 4870.0], [96572.5, 16240.0], [96570.0, 2250.0], [96567.5, 7500.0], [96560.0, 2250.0], [96557.5, 7500.0], [96552.5, 20.0]], "asks": [[96625.0, 10.0], [96630.0, 7800.0], [96632.5, 15000.0], [96637.5, 990.0], [96640.0, 4330.0], [96645.0, 2260.0], [96647.5, 7520.0], [96650.0, 15000.0], [96652.5, 50000.0], [96655.0, 2250.0], [96657.5, 7500.0], [96662.5, 3000.0], [96665.0, 10000.0], [96670.0, 2340.0], [96675.0, 12260.0], [96677.5, 14850.0], [96680.0, 16890.0], [96682.5, 50000.0], [96685.0, 12520.0], [96687.5, 16720.0]]}}}
{"jsonrpc": "2.0", "method": "subscription", "params": {"channel": "book.BTC-10JAN25.none.20.100ms", "data": {"timestamp": 1735834070205, "change_id": 84065921623, "instrument_name": "BTC-10JAN25", "bids": [[96622.5, 3790.0], [96620.0, 990.0], [96617.5, 3300.0], [96615.0, 2250.0], [96612.5, 7500.0], [96610.0, 990.0], [96607.5, 3300.0], [96605.0, 3270.0], [96602.5, 11830.0], [96595.0, 2250.0], [96592.5, 7500.0], [96585.0, 2250.0], [96582.5, 7500.0], [96570.0, 2250.0], [96567.5, 7500.0], [96560.0, 2250.0], [96557.5, 7500.0], [96555.0, 16260.0], [96552.5, 20.0], [96545.0, 2250.0]], "asks": [[96625.0, 10.0], [96627.5, 990.0], [96630.0, 3300.0], [96637.5, 990.0], [96640.0, 4330.0], [96645.0, 2260.0], [96647.5, 7520.0], [96655.0, 2250.0], [96657.5, 7500.0], [96662.5, 3000.0], [96665.0, 60000.0], [96670.0, 2340.0], [96675.0, 11960.0], [96677.5, 14850.0], [96680.0, 16890.0], [96682.5, 50000.0], [96685.0, 12520.0], [96687.5, 16720.0], [96692.5, 2250.0], [96695.0, 7500.0]]}}}
{"jsonrpc": "2.0", "method": "subscription", "params": {"channel": "book.BTC-3JAN25.none.20.100ms", "data": {"timestamp": 1735834070205, "change_id": 84065921624, "instrument_name": "BTC-3JAN25", "bids": [[96287.5, 7300.0], [96285.0, 11590.0], [96282.5, 7000.0], [96280.0, 7300.0], [96270.0, 21000.0], [96267.5, 70000.0], [96265.0, 7500.0], [96260.0, 10500.0], [96255.0, 13160.0], [96252.5, 45170.0], [96245.0, 3150.0], [96242.5, 10500.0], [96235.0, 3150.0], [96232.5, 10500.0], [96230.0, 14800.0], [96225.0, 3150.0], [96222.5, 10500.0], [96215.0, 3170.0], [96212.5, 10500.0], [96197.5, 3150.0]], "asks": [[96290.0, 11110.0], [96300.0, 1310.0], [96302.5, 4350.0], [96307.5, 3360.0], [96310.0, 14360.0], [96315.0, 13500.0], [96317.5, 10000.0], [96330.0, 3150.0], [96332.5, 10500.0], [96335.0, 600.0], [96337.5, 2000.0], [96340.0, 3150.0], [96342.5, 10500.0], [96347.5, 13160.0], [96350.0, 49970.0], [96352.5, 21680.0], [96357.5, 20.0], [96360.0, 3150.0], [96362.5, 10500.0], [96365.0, 300.0]]}}}
{"jsonrpc": "2.0", "method": "subscription", "params": {"channel": "book.BTC-10JAN25.none.20.100ms", "data": {"timestamp": 1735834070556, "change_id": 84065922157, "instrument_name": "BTC-10JAN25", "bids": [[96622.5, 4550.0], [96620.0, 1860.0], [96617.5, 3300.0], [96615.0, 5550.0], [96612.5, 7500.0], [96610.0, 24050.0], [96607.5, 3300.0], [96605.0, 83420.0], [96602.5, 21830.0], [96595.0, 2250.0], [96592.5, 7500.0], [96585.0, 2250.0], [96582.5, 7500.0], [96570.0, 2250.0], [96567.5, 7500.0], [96560.0, 2250.0], [96557.5, 7500.0], [96555.0, 16260.0], [96552.5, 20.0], [96545.0, 2250.0]], "asks": [[96625.0, 3310.0], [96637.5, 990.0], [96640.0, 4330.0], [96645.0, 2260.0], [96647.5, 7520.0], [96655.0, 2250.0], [96657.5, 7500.0], [96662.5, 3000.0], [96665.0, 10000.0], [96670.0, 2340.0], [96672.5, 50000.0], [96675.0, 11960.0], [96677.5, 14850.0], [96680.0, 16890.0], [96682.5, 50000.0], [96685.0, 12520.0], [96687.5, 16720.0], [96692.5, 2250.0], [96695.0, 7500.0], [96697.5, 20.0]]}}}
{"jsonrpc": "2.0", "method": "subscription", "params": {"channel": "book.BTC-3JAN25.none.20.100ms", "data": {"timestamp": 1735834070398, "change_id": 84065921961, "instrument_name": "BTC-3JAN25", "bids": [[96287.5, 7300.0], [96285.0, 11590.0], [96282.5, 7000.0], [96280.0, 7300.0], [96275.0, 23100.0], [96272.5, 77010.0], [96270.0, 21000.0], [96267.5, 70000.0], [96265.0, 7500.0], [96260.0, 10500.0], [96257.5, 10000.0], [96255.0, 13160.0], [96252.5, 45170.0], [96245.0, 3150.0], [96242.5, 10500.0], [96235.0, 3150.0], [96232.5, 10500.0], [96230.0, 14800.0], [96225.0, 3150.0], [96222.5, 10500.0]], "asks": [[96290.0, 590.0], [96300.0, 1310.0], [96302.5, 4350.0], [96307.5, 3360.0], [96310.0, 14360.0], [96315.0, 13500.0], [96317.5, 10000.0], [96330.0, 3150.0], [96332.5, 10500.0], [96335.0, 600.0], [96337.5, 2000.0], [96340.0, 3150.0], [96342.5, 10500.0], [96347.5, 13160.0], [96350.0, 49970.0], [96352.5, 21680.0], [96357.5, 20.0], [96360.0, 3150.0], [96362.5, 10500.0], [96365.0, 300.0]]}}}
{"jsonrpc": "2.0", "method": "subscription", "params": {"channel": "book.BTC-10JAN25.none.20.100ms", "data": {"timestamp": 1735834070889, "change_id": 84065922662, "instrument_name": "BTC-10JAN25", "bids": [[96622.5, 4550.0], [96620.0, 990.0], [96617.5, 3300.0], [96615.0, 2250.0], [96612.5, 7500.0], [96610.0, 24050.0], [96607.5, 3300.0], [96605.0, 83420.0], [96602.5, 21830.0], [96595.0, 2250.0], [96592.5, 7500.0], [96585.0, 2250.0], [96582.5, 7500.0], [96570.0, 2250.0], [96567.5, 7500.0], [96560.0, 6850.0], [96557.5, 7500.0], [96555.0, 16260.0], [96552.5, 20.0], [96545.0, 2250.0]], "asks": [[96625.0, 3310.0], [96637.5, 990.0], [96640.0, 4330.0], [96645.0, 2260.0], [96647.5, 7520.0], [96655.0, 2250.0], [96657.5, 7500.0], [96667.5, 10000.0], [96670.0, 2340.0], [96672.5, 50000.0], [96675.0, 11960.0], [96677.5, 14850.0], [96680.0, 16890.0], [96682.5, 50000.0], [96685.0, 12520.0], [96687.5, 16720.0], [96692.5, 2250.0], [96695.0, 7500.0], [96697.5, 20.0], [96700.0, 2250.0]]}}}
{"jsonrpc": "2.0", "method": "subscription", "params": {"channel": "book.BTC-3JAN25.none.20.100ms", "data": {"timestamp": 1735834070888, "change_id": 84065922658, "instrument_name": "BTC-3JAN25", "bids": [[96287.5, 7300.0], [96280.0, 2130.0], [96277.5, 7100.0], [96275.0, 23100.0], [96272.5, 77010.0], [96270.0, 21000.0], [96267.5, 70000.0], [96265.0, 7500.0], [96260.0, 13500.0], [96257.5, 10000.0], [96255.0, 13160.0], [96252.5, 45170.0], [96245.0, 3150.0], [96242.5, 10500.0], [96235.0, 3150.0], [96232.5, 10500.0], [96230.0, 14800.0], [96225.0, 3150.0], [96222.5, 10500.0], [96215.0, 3170.0]], "asks": [[96292.5, 12310.0], [96295.0, 4350.0], [96297.5, 470.0], [96300.0, 3150.0], [96302.5, 10500.0], [96307.5, 3360.0], [96310.0, 14360.0], [96315.0, 13500.0], [96317.5, 10000.0], [96330.0, 3150.0], [96332.5, 10500.0], [96335.0, 600.0], [96337.5, 2000.0], [96340.0, 3150.0], [96342.5, 10500.0], [96347.5, 13160.0], [96350.0, 49970.0], [96352.5, 21680.0], [96357.5, 20.0], [96360.0, 3150.0]]}}}
{"jsonrpc": "2.0", "method": "subscription", "params": {"channel": "book.BTC-10JAN25.none.20.100ms", "data": {"timestamp": 1735834071227, "change_id": 84065923288, "instrument_name": "BTC-10JAN25", "bids": [[96615.0, 5000.0], [96610.0, 24050.0], [96605.0, 83290.0], [96602.5, 17500.0], [96595.0, 3270.0], [96592.5, 11830.0], [96585.0, 2250.0], [96582.5, 7500.0], [96570.0, 2250.0], [96567.5, 7500.0], [96560.0, 2250.0], [96557.5, 7500.0], [96552.5, 20.0], [96545.0, 2250.0], [96542.5, 7500.0], [96537.5, 15990.0], [96535.0, 4300.0], [96532.5, 7500.0], [96530.0, 7760.0], [96525.0, 2250.0]], "asks": [[96620.0, 5280.0], [96622.5, 3300.0], [96625.0, 3310.0], [96627.5, 1300.0], [96630.0, 11080.0], [96632.5, 15000.0], [96635.0, 7500.0], [96645.0, 2260.0], [96647.5, 7520.0], [96655.0, 2250.0], [96657.5, 57500.0], [96667.5, 10000.0], [96670.0, 2340.0], [96675.0, 11960.0], [96677.5, 14850.0], [96680.0, 16890.0], [96682.5, 50000.0], [96685.0, 12520.0], [96687.5, 16720.0], [96692.5, 2250.0]]}}}
{"jsonrpc": "2.0", "method": "subscription", "params": {"channel": "book.BTC-3JAN25.none.20.100ms", "data": {"timestamp": 1735834071233, "change_id": 84065923303, "instrument_name": "BTC-3JAN25", "bids": [[96277.5, 7100.0], [96275.0, 23100.0], [96272.5, 77010.0], [96270.0, 21000.0], [96267.5, 70000.0], [96265.0, 3150.0], [96260.0, 13500.0], [96257.5, 14350.0], [96255.0, 13160.0], [96252.5, 45170.0], [96245.0, 3150.0], [96242.5, 10500.0], [96235.0, 3150.0], [96232.5, 10500.0], [96230.0, 14800.0], [96225.0, 3150.0], [96222.5, 10500.0], [96215.0, 3170.0], [96212.5, 10500.0], [96197.5, 3150.0]], "asks": [[96282.5, 14950.0], [96285.0, 3150.0], [96287.5, 14850.0], [96290.0, 3460.0], [96292.5, 10500.0], [96300.0, 3150.0], [96302.5, 10500.0], [96307.5, 3360.0], [96310.0, 14360.0], [96315.0, 13500.0], [96317.5, 10000.0], [96330.0, 3150.0], [96332.5, 10500.0], [96335.0, 600.0], [96337.5, 2000.0], [96340.0, 3150.0], [96342.5, 10500.0], [96347.5, 13160.0], [96350.0, 49970.0], [96352.5, 21680.0]]}}}
{"jsonrpc": "2.0", "method": "subscription", "params": {"channel": "book.BTC-3JAN25.none.20.100ms", "data": {"timestamp": 1735834071507, "change_id": 84065923516, "instrument_name": "BTC-3JAN25", "bids": [[96277.5, 7100.0], [96270.0, 21000.0], [96267.5, 70000.0], [96265.0, 3150.0], [96260.0, 13500.0], [96257.5, 14350.0], [96245.0, 48320.0], [96242.5, 10500.0], [96235.0, 3150.0], [96232.5, 10500.0], [96227.5, 4440.0], [96225.0, 17950.0], [96222.5, 10500.0], [96215.0, 3170.0], [96212.5, 10500.0], [96197.5, 3150.0], [96195.0, 10500.0], [96190.0, 300.0], [96180.0, 2590.0], [96177.5, 10500.0]], "asks": [[96280.0, 580.0], [96282.5, 10500.0], [96285.0, 3150.0], [96287.5, 14850.0], [96290.0, 2990.0], [96292.5, 10500.0], [96300.0, 3150.0], [96302.5, 10500.0], [96307.5, 3360.0], [96310.0, 14360.0], [96315.0, 13500.0], [96317.5, 10000.0], [96330.0, 3150.0], [96332.5, 10500.0], [96335.0, 600.0], [96337.5, 2000.0], [96340.0, 3150.0], [96342.5, 10500.0], [96347.5, 13160.0], [96350.0, 49970.0]]}}}
{"jsonrpc": "2.0", "method": "subscription", "params": {"channel": "book.BTC-10JAN25.none.20.100ms", "data": {"timestamp": 1735834071506, "change_id": 84065923512, "instrument_name": "BTC-10JAN25", "bids": [[96615.0, 5000.0], [96605.0, 6010.0], [96602.5, 17500.0], [96595.0, 3270.0], [96592.5, 11830.0], [96585.0, 2250.0], [96582.5, 7500.0], [96570.0, 2250.0], [96567.5, 7500.0], [96560.0, 2250.0], [96557.5, 7500.0], [96552.5, 20.0], [96545.0, 2250.0], [96542.5, 7500.0], [96537.5, 15990.0], [96535.0, 4300.0], [96532.5, 7500.0], [96530.0, 7760.0], [96525.0, 2250.0], [96520.0, 7500.0]], "asks": [[96620.0, 5280.0], [96622.5, 3300.0], [96625.0, 3310.0], [96627.5, 1300.0], [96630.0, 11080.0], [96632.5, 15000.0], [96635.0, 7500.0], [96642.5, 15000.0], [96645.0, 52260.0], [96647.5, 7520.0], [96655.0, 2250.0], [96657.5, 7500.0], [96667.5, 10000.0], [96670.0, 2340.0], [96675.0, 11960.0], [96677.5, 14850.0], [96680.0, 16890.0], [96682.5, 50000.0], [96685.0, 12520.0], [96687.5, 16720.0]]}}}
{"jsonrpc": "2.0", "method": "subscription", "params": {"channel": "book.BTC-10JAN25.none.20.100ms", "data": {"timestamp": 1735834071881, "change_id": 84065923941, "instrument_name": "BTC-10JAN25", "bids": [[96615.0, 5000.0], [96605.0, 6010.0], [96602.5, 17500.0], [96595.0, 3270.0], [96592.5, 11830.0], [96585.0, 2250.0], [96582.5, 7500.0], [96570.0, 2250.0], [96567.5, 7500.0], [96560.0, 2250.0], [96557.5, 7500.0], [96552.5, 20.0], [96545.0, 2250.0], [96542.5, 7500.0], [96540.0, 4800.0], [96537.5, 15990.0], [96535.0, 4300.0], [96532.5, 7500.0], [96530.0, 7760.0], [96525.0, 2250.0]], "asks": [[96620.0, 5280.0], [96622.5, 3300.0], [96625.0, 3310.0], [96627.5, 1300.0], [96630.0, 11080.0], [96632.5, 15000.0], [96635.0, 7500.0], [96642.5, 15000.0], [96645.0, 52260.0], [96647.5, 7520.0], [96655.0, 4970.0], [96657.5, 17500.0], [96670.0, 2340.0], [96675.0, 11960.0], [96677.5, 14850.0], [96680.0, 16890.0], [96682.5, 50000.0], [96685.0, 12520.0], [96687.5, 16720.0], [96692.5, 2250.0]]}}}
{"jsonrpc": "2.0", "method": "subscription", "params": {"channel": "book.BTC-3JAN25.none.20.100ms", "data": {"timestamp": 1735834071880, "change_id": 84065923939, "instrument_name": "BTC-3JAN25", "bids": [[96277.5, 7100.0], [96275.0, 2190.0], [96272.5, 7300.0], [96270.0, 21000.0], [96267.5, 70000.0], [96260.0, 7080.0], [96257.5, 24850.0], [96247.5, 13550.0], [96245.0, 48320.0], [96242.5, 10500.0], [96235.0, 3150.0], [96232.5, 10500.0], [96227.5, 4440.0], [96225.0, 17950.0], [96222.5, 10500.0], [96215.0, 3170.0], [96212.5, 10500.0], [96197.5, 3150.0], [96195.0, 10500.0], [96190.0, 300.0]], "asks": [[96280.0, 580.0], [96282.5, 10500.0], [96285.0, 3150.0], [96287.5, 14850.0], [96290.0, 2990.0], [96292.5, 10500.0], [96300.0, 3150.0], [96302.5, 10500.0], [96307.5, 3360.0], [96310.0, 14360.0], [96315.0, 13500.0], [96317.5, 10000.0], [96330.0, 3150.0], [96332.5, 10500.0], [96335.0, 600.0], [96337.5, 2000.0], [96340.0, 3150.0], [96342.5, 10500.0], [96347.5, 13160.0], [96350.0, 49970.0]]}}}
{"jsonrpc": "2.0", "method": "subscription", "params": {"channel": "book.BTC-10JAN25.none.20.100ms", "data": {"timestamp": 1735834072239, "change_id": 84065924497, "instrument_name": "BTC-10JAN25", "bids": [[96610.0, 990.0], [96607.5, 3300.0], [96605.0, 30680.0], [96602.5, 10000.0], [96600.0, 77280.0], [96595.0, 3270.0], [96592.5, 11830.0], [96585.0, 2250.0], [96582.5, 7500.0], [96570.0, 2250.0], [96567.5, 7500.0], [96560.0, 2250.0], [96557.5, 7500.0], [96552.5, 20.0], [96545.0, 2250.0], [96542.5, 7500.0], [96540.0, 4800.0], [96537.5, 15990.0], [96535.0, 4300.0], [96532.5, 7500.0]], "asks": [[96617.5, 3300.0], [96620.0, 9540.0], [96622.5, 18300.0], [96625.0, 3310.0], [96627.5, 1300.0], [96630.0, 6580.0], [96635.0, 7500.0], [96642.5, 15000.0], [96645.0, 52260.0], [96647.5, 7520.0], [96655.0, 4970.0], [96657.5, 17500.0], [96670.0, 2340.0], [96675.0, 11960.0], [96677.5, 14850.0], [96680.0, 16890.0], [96682.5, 50000.0], [96685.0, 12520.0], [96687.5, 16720.0], [96692.5, 2250.0]]}}}
{"jsonrpc": "2.0", "method": "subscription", "params": {"channel": "book.BTC-3JAN25.none.20.100ms", "data": {"timestamp": 1735834072239, "change_id": 84065924495, "instrument_name": "BTC-3JAN25", "bids": [[96277.5, 7100.0], [96275.0, 2190.0], [96272.5, 7300.0], [96270.0, 21000.0], [96267.5, 77010.0], [96265.0, 15000.0], [96262.5, 70000.0], [96260.0, 3000.0], [96257.5, 14850.0], [96247.5, 13550.0], [96245.0, 58320.0], [96242.5, 10500.0], [96235.0, 3150.0], [96232.5, 10500.0], [96227.5, 4440.0], [96225.0, 17950.0], [96222.5, 10500.0], [96215.0, 3170.0], [96212.5, 10500.0], [96197.5, 3150.0]], "asks": [[96280.0, 580.0], [96282.5, 10500.0], [96285.0, 3150.0], [96287.5, 14850.0], [96290.0, 2990.0], [96292.5, 10500.0], [96300.0, 3150.0], [96302.5, 10500.0], [96305.0, 6360.0], [96307.5, 10000.0], [96310.0, 14360.0], [96315.0, 10500.0], [96330.0, 3150.0], [96332.5, 10500.0], [96335.0, 600.0], [96337.5, 2000.0], [96340.0, 3150.0], [96342.5, 10500.0], [96347.5, 13160.0], [96350.0, 49970.0]]}}}
{"jsonrpc": "2.0", "method": "subscription", "params": {"channel": "book.BTC-3JAN25.none.20.100ms", "data": {"timestamp": 1735834072285, "change_id": 84065924629, "instrument_name": "BTC-3JAN25", "bids": [[96277.5, 7100.0], [96275.0, 2190.0], [96272.5, 7300.0], [96270.0, 21000.0], [96267.5, 77010.0], [96265.0, 15000.0], [96262.5, 70000.0], [96260.0, 3000.0], [96257.5, 14850.0], [96247.5, 13550.0], [96245.0, 58320.0], [96242.5, 10500.0], [96235.0, 3150.0], [96232.5, 10500.0], [96227.5, 4440.0], [96225.0, 17950.0], [96222.5, 10500.0], [96215.0, 3170.0], [96212.5, 10500.0], [96197.5, 3150.0]], "asks": [[96280.0, 570.0], [96282.5, 10500.0], [96285.0, 3150.0], [96287.5, 14850.0], [96290.0, 2990.0], [96292.5, 10500.0], [96300.0, 3150.0], [96302.5, 10500.0], [96305.0, 6360.0], [96307.5, 10000.0], [96310.0, 14360.0], [96315.0, 10500.0], [96330.0, 3150.0], [96332.5, 10500.0], [96335.0, 600.0], [96337.5, 2000.0], [96340.0, 3150.0], [96342.5, 10500.0], [96347.5, 13160.0], [96350.0, 49970.0]]}}}
{"jsonrpc": "2.0", "method": "subscription", "params": {"channel": "book.BTC-10JAN25.none.20.100ms", "data": {"timestamp": 1735834072491, "change_id": 84065924827, "instrument_name": "BTC-10JAN25", "bids": [[96612.5, 8300.0], [96610.0, 1620.0], [96607.5, 3300.0], [96605.0, 30180.0], [96602.5, 7500.0], [96600.0, 77280.0], [96595.0, 6140.0], [96592.5, 11830.0], [96590.0, 10000.0], [96585.0, 2250.0], [96582.5, 7500.0], [96570.0, 2250.0], [96567.5, 7500.0], [96560.0, 2250.0], [96557.5, 7500.0], [96552.5, 20.0], [96545.0, 2250.0], [96542.5, 7500.0], [96540.0, 4800.0], [96537.5, 15990.0]], "asks": [[96615.0, 3300.0], [96617.5, 3300.0], [96620.0, 9540.0], [96622.5, 18300.0], [96625.0, 5600.0], [96627.5, 3300.0], [96630.0, 21300.0], [96632.5, 50000.0], [96635.0, 7500.0], [96645.0, 2260.0], [96647.5, 7520.0], [96655.0, 4970.0], [96657.5, 17500.0], [96670.0, 2340.0], [96675.0, 11960.0], [96677.5, 14850.0], [96680.0, 16890.0], [96682.5, 50000.0], [96685.0, 12520.0], [96687.5, 16720.0]]}}}
{"jsonrpc": "2.0", "method": "subscription", "params": {"channel": "book.BTC-3JAN25.none.20.100ms", "data": {"timestamp": 1735834072654, "change_id": 84065924919, "instrument_name": "BTC-3JAN25", "bids": [[96277.5, 7100.0], [96275.0, 4110.0], [96272.5, 7300.0], [96270.0, 28300.0], [96267.5, 77010.0], [96265.0, 15000.0], [96262.5, 70000.0], [96260.0, 3000.0], [96257.5, 14850.0], [96247.5, 13550.0], [96245.0, 58320.0], [96242.5, 10500.0], [96235.0, 3150.0], [96232.5, 10500.0], [96227.5, 4440.0], [96225.0, 17950.0], [96222.5, 10500.0], [96215.0, 3170.0], [96212.5, 10500.0], [96197.5, 3150.0]], "asks": [[96280.0, 570.0], [96282.5, 10500.0], [96285.0, 3150.0], [96287.5, 14850.0], [96290.0, 2990.0], [96292.5, 10500.0], [96300.0, 3150.0], [96302.5, 10500.0], [96305.0, 6360.0], [96307.5, 10000.0], [96310.0, 14360.0], [96315.0, 10500.0], [96330.0, 3150.0], [96332.5, 10500.0], [96335.0, 600.0], [96337.5, 2000.0], [96340.0, 3150.0], [96342.5, 10500.0], [96347.5, 13160.0], [96350.0, 49970.0]]}}}
{"jsonrpc": "2.0", "method": "subscription", "params": {"channel": "book.BTC-10JAN25.none.20.100ms", "data": {"timestamp": 1735834072898, "change_id": 84065925098, "instrument_name": "BTC-10JAN25", "bids": [[96612.5, 5000.0], [96605.0, 27680.0], [96600.0, 77280.0], [96595.0, 6140.0], [96592.5, 11830.0], [96590.0, 10000.0], [96585.0, 2250.0], [96582.5, 7500.0], [96570.0, 2250.0], [96567.5, 7500.0], [96560.0, 2250.0], [96557.5, 7500.0], [96552.5, 20.0], [96545.0, 2250.0], [96542.5, 7500.0], [96540.0, 4800.0], [96537.5, 15990.0], [96535.0, 4300.0], [96532.5, 7500.0], [96530.0, 7760.0]], "asks": [[96615.0, 3300.0], [96617.5, 3300.0], [96620.0, 9540.0], [96622.5, 18300.0], [96625.0, 13100.0], [96627.5, 3300.0], [96630.0, 21300.0], [96632.5, 50000.0], [96635.0, 7500.0], [96645.0, 2260.0], [96647.5, 7520.0], [96655.0, 4970.0], [96657.5, 17500.0], [96670.0, 2340.0], [96675.0, 11960.0], [96677.5, 14850.0], [96680.0, 16890.0], [96682.5, 50000.0], [96685.0, 12520.0], [96687.5, 16720.0]]}}}
{"jsonrpc": "2.0", "method": "subscription", "params": {"channel": "book.BTC-10JAN25.none.20.100ms", "data": {"timestamp": 1735834073134, "change_id": 84065925381, "instrument_name": "BTC-10JAN25", "bids": [[96612.5, 5000.0], [96605.0, 27680.0], [96602.5, 7500.0], [96600.0, 77280.0], [96595.0, 6140.0], [96592.5, 11830.0], [96590.0, 10000.0], [96585.0, 2250.0], [96582.5, 7500.0], [96570.0, 2250.0], [96567.5, 7500.0], [96560.0, 2250.0], [96557.5, 7500.0], [96552.5, 20.0], [96545.0, 2250.0], [96542.5, 7500.0], [96540.0, 4800.0], [96537.5, 15990.0], [96535.0, 4300.0], [96532.5, 7500.0]], "asks": [[96615.0, 3300.0], [96617.5, 3300.0], [96620.0, 9540.0], [96622.5, 18300.0], [96625.0, 5600.0], [96627.5, 3300.0], [96630.0, 21300.0], [96632.5, 50000.0], [96635.0, 7500.0], [96645.0, 2260.0], [96647.5, 7520.0], [96655.0, 4970.0], [96657.5, 17500.0], [96670.0, 2340.0], [96675.0, 11960.0], [96677.5, 14850.0], [96680.0, 16890.0], [96682.5, 50000.0], [96685.0, 12520.0], [96687.5, 16720.0]]}}}
{"jsonrpc": "2.0", "method": "subscription", "params": {"channel": "book.BTC-10JAN25.none.20.100ms", "data": {"timestamp": 1735834073479, "change_id": 84065925609, "instrument_name": "BTC-10JAN25", "bids": [[96612.5, 5000.0], [96610.0, 990.0], [96607.5, 3300.0], [96605.0, 27680.0], [96602.5, 7500.0], [96600.0, 77280.0], [96595.0, 6140.0], [96592.5, 11830.0], [96590.0, 10000.0], [96585.0, 2250.0], [96582.5, 7500.0], [96570.0, 2250.0], [96567.5, 7500.0], [96560.0, 2250.0], [96557.5, 7500.0], [96552.5, 20.0], [96545.0, 2250.0], [96542.5, 7500.0], [96540.0, 4800.0], [96537.5, 15990.0]], "asks": [[96617.5, 3300.0], [96620.0, 9540.0], [96622.5, 18300.0], [96625.0, 5600.0], [96627.5, 3300.0], [96630.0, 21300.0], [96632.5, 50000.0], [96635.0, 7500.0], [96645.0, 2260.0], [96647.5, 7520.0], [96655.0, 4970.0], [96657.5, 17500.0], [96670.0, 2340.0], [96675.0, 11960.0], [96677.5, 14850.0], [96680.0, 16890.0], [96682.5, 50000.0], [96685.0, 12520.0], [96687.5, 16720.0], [96692.5, 2250.0]]}}}
{"jsonrpc": "2.0", "method": "subscription", "params": {"channel": "book.BTC-10JAN25.none.20.100ms", "data": {"timestamp": 1735834073842, "change_id": 84065925755, "instrument_name": "BTC-10JAN25", "bids": [[96612.5, 5000.0], [96610.0, 990.0], [96607.5, 3300.0], [96605.0, 27680.0], [96602.5, 7500.0], [96600.0, 77280.0], [96595.0, 6140.0], [96592.5, 11830.0], [96590.0, 10000.0], [96585.0, 2250.0], [96582.5, 7500.0], [96570.0, 2250.0], [96567.5, 7500.0], [96560.0, 2250.0], [96557.5, 7500.0], [96552.5, 20.0], [96545.0, 2250.0], [96542.5, 7500.0], [96540.0, 4800.0], [96537.5, 15990.0]], "asks": [[96617.5, 3300.0], [96620.0, 9540.0], [96622.5, 18300.0], [96625.0, 5600.0], [96627.5, 3300.0], [96630.0, 21300.0], [96632.5, 50000.0], [96635.0, 7500.0], [96645.0, 2260.0], [96647.5, 7520.0], [96655.0, 4970.0], [96657.5, 17500.0], [96670.0, 2340.0], [96675.0, 11960.0], [96677.5, 14850.0], [96680.0, 16890.0], [96682.5, 50000.0], [96685.0, 12520.0], [96687.5, 16720.0], [96692.5, 2250.0]]}}}
{"jsonrpc": "2.0", "method": "subscription", "params": {"channel": "book.BTC-10JAN25.none.20.100ms", "data": {"timestamp": 1735834074466, "change_id": 84065925998, "instrument_name": "BTC-10JAN25", "bids": [[96612.5, 5000.0], [96607.5, 3300.0], [96605.0, 27680.0], [96600.0, 77280.0], [96595.0, 6140.0], [96592.5, 11830.0], [96590.0, 10000.0], [96585.0, 2250.0], [96582.5, 7500.0], [96570.0, 2250.0], [96567.5, 7500.0], [96560.0, 2250.0], [96557.5, 7500.0], [96552.5, 20.0], [96545.0, 2250.0], [96542.5, 7500.0], [96540.0, 4800.0], [96537.5, 15990.0], [96535.0, 4300.0], [96532.5, 7500.0]], "asks": [[96617.5, 3300.0], [96620.0, 9540.0], [96622.5, 18300.0], [96625.0, 2300.0], [96627.5, 3300.0], [96630.0, 21300.0], [96632.5, 50000.0], [96635.0, 7500.0], [96645.0, 2260.0], [96647.5, 7520.0], [96655.0, 4970.0], [96657.5, 17500.0], [96670.0, 2340.0], [96675.0, 11960.0], [96677.5, 14850.0], [96680.0, 16890.0], [96682.5, 50000.0], [96685.0, 12520.0], [96687.5, 16720.0], [96692.5, 2250.0]]}}}
{"jsonrpc": "2.0", "method": "subscription", "params": {"channel": "book.BTC-10JAN25.none.20.100ms", "data": {"timestamp": 1735834074853, "change_id": 84065926367, "instrument_name": "BTC-10JAN25", "bids": [[96612.5, 5000.0], [96607.5, 3300.0], [96605.0, 27680.0], [96602.5, 7500.0], [96600.0, 77280.0], [96595.0, 6140.0], [96592.5, 11830.0], [96590.0, 10000.0], [96585.0, 2250.0], [96582.5, 7500.0], [96570.0, 2250.0], [96567.5, 7500.0], [96560.0, 2250.0], [96557.5, 7500.0], [96552.5, 20.0], [96545.0, 2250.0], [96542.5, 7500.0], [96540.0, 4800.0], [96537.5, 15990.0], [96535.0, 4300.0]], "asks": [[96617.5, 3300.0], [96620.0, 9540.0], [96622.5, 18300.0], [96625.0, 2300.0], [96627.5, 3300.0], [96630.0, 21300.0], [96632.5, 50000.0], [96635.0, 7500.0], [96645.0, 2260.0], [96647.5, 7520.0], [96655.0, 4970.0], [96657.5, 17500.0], [96670.0, 2340.0], [96675.0, 11960.0], [96677.5, 14850.0], [96680.0, 16890.0], [96682.5, 50000.0], [96685.0, 12520.0], [96687.5, 16720.0], [96692.5, 2250.0]]}}}
{"jsonrpc": "2.0", "method": "subscription", "params": {"channel": "book.BTC-3JAN25.none.20.100ms", "data": {"timestamp": 1735834074872, "change_id": 84065926391, "instrument_name": "BTC-3JAN25", "bids": [[96277.5, 7100.0], [96275.0, 4110.0], [96272.5, 7300.0], [96270.0, 28300.0], [96267.5, 77010.0], [96265.0, 15000.0], [96262.5, 70000.0], [96260.0, 3000.0], [96257.5, 14850.0], [96247.5, 13550.0], [96245.0, 58320.0], [96242.5, 10500.0], [96235.0, 3150.0], [96232.5, 10500.0], [96227.5, 4440.0], [96225.0, 17950.0], [96222.5, 10500.0], [96215.0, 3170.0], [96212.5, 10500.0], [96197.5, 3150.0]], "asks": [[96280.0, 11070.0], [96285.0, 1310.0], [96287.5, 4350.0], [96290.0, 2990.0], [96292.5, 10500.0], [96300.0, 3150.0], [96302.5, 10500.0], [96305.0, 6360.0], [96307.5, 10000.0], [96310.0, 14360.0], [96315.0, 10500.0], [96330.0, 3150.0], [96332.5, 10500.0], [96335.0, 600.0], [96337.5, 2000.0], [96340.0, 3150.0], [96342.5, 10500.0], [96347.5, 13160.0], [96350.0, 49970.0], [96352.5, 21680.0]]}}}
{"jsonrpc": "2.0", "method": "subscription", "params": {"channel": "book.BTC-10JAN25.none.20.100ms", "data": {"timestamp": 1735834074904, "change_id": 84065926434, "instrument_name": "BTC-10JAN25", "bids": [[96612.5, 280.0], [96610.0, 990.0], [96607.5, 3300.0], [96605.0, 27680.0], [96602.5, 7500.0], [96600.0, 77280.0], [96595.0, 6140.0], [96592.5, 11830.0], [96590.0, 10000.0], [96585.0, 2250.0], [96582.5, 7500.0], [96570.0, 2250.0], [96567.5, 7500.0], [96560.0, 2250.0], [96557.5, 7500.0], [96552.5, 20.0], [96545.0, 2250.0], [96542.5, 7500.0], [96540.0, 4800.0], [96537.5, 15990.0]], "asks": [[96617.5, 3300.0], [96620.0, 9540.0], [96622.5, 18300.0], [96625.0, 2300.0], [96627.5, 3300.0], [96630.0, 21300.0], [96632.5, 50000.0], [96635.0, 7500.0], [96645.0, 2260.0], [96647.5, 7520.0], [96655.0, 4970.0], [96657.5, 17500.0], [96670.0, 2340.0], [96675.0, 11960.0], [96677.5, 14850.0], [96680.0, 16890.0], [96682.5, 50000.0], [96685.0, 12520.0], [96687.5, 16720.0], [96692.5, 2250.0]]}}}
{"jsonrpc": "2.0", "method": "subscription", "params": {"channel": "book.BTC-3JAN25.none.20.100ms", "data": {"timestamp": 1735834074978, "change_id": 84065926505, "instrument_name": "BTC-3JAN25", "bids": [[96277.5, 7100.0], [96275.0, 4110.0], [96272.5, 7300.0], [96270.0, 28300.0], [96267.5, 77010.0], [96265.0, 15000.0], [96262.5, 70000.0], [96260.0, 3000.0], [96257.5, 14850.0], [96247.5, 13550.0], [96245.0, 58320.0], [96242.5, 10500.0], [96235.0, 3150.0], [96232.5, 10500.0], [96227.5, 4440.0], [96225.0, 17950.0], [96222.5, 10500.0], [96215.0, 3170.0], [96212.5, 10500.0], [96197.5, 3150.0]], "asks": [[96280.0, 11070.0], [96285.0, 1310.0], [96287.5, 4350.0], [96290.0, 2990.0], [96292.5, 10500.0], [96300.0, 3150.0], [96302.5, 10500.0], [96305.0, 6360.0], [96307.5, 10000.0], [96310.0, 14360.0], [96315.0, 10500.0], [96330.0, 3150.0], [96332.5, 10500.0], [96335.0, 600.0], [96337.5, 2000.0], [96340.0, 3150.0], [96342.5, 10500.0], [96347.5, 13160.0], [96350.0, 49970.0], [96352.5, 21680.0]]}}}
{"jsonrpc": "2.0", "method": "subscription", "params": {"channel": "book.BTC-10JAN25.none.20.100ms", "data": {"timestamp": 1735834075508, "change_id": 84065927178, "instrument_name": "BTC-10JAN25", "bids": [[96620.0, 280.0], [96617.5, 3300.0], [96615.0, 3300.0], [96610.0, 990.0], [96607.5, 3300.0], [96605.0, 27680.0], [96602.5, 7500.0], [96600.0, 77280.0], [96595.0, 6140.0], [96592.5, 11830.0], [96590.0, 10000.0], [96585.0, 2250.0], [96582.5, 7500.0], [96570.0, 2250.0], [96567.5, 7500.0], [96560.0, 2250.0], [96557.5, 7500.0], [96552.5, 20.0], [96545.0, 2250.0], [96542.5, 7500.0]], "asks": [[96625.0, 2300.0], [96627.5, 3300.0], [96630.0, 4330.0], [96640.0, 990.0], [96642.5, 3300.0], [96645.0, 2260.0], [96647.5, 7520.0], [96652.5, 15000.0], [96655.0, 54970.0], [96657.5, 17500.0], [96670.0, 2340.0], [96675.0, 11960.0], [96677.5, 14850.0], [96680.0, 16890.0], [96682.5, 50000.0], [96685.0, 7500.0], [96692.5, 2250.0], [96695.0, 7500.0], [96697.5, 20.0], [96700.0, 2250.0]]}}}
{"jsonrpc": "2.0", "method": "subscription", "params": {"channel": "book.BTC-3JAN25.none.20.100ms", "data": {"timestamp": 1735834075476, "change_id": 84065927116, "instrument_name": "BTC-3JAN25", "bids": [[96277.5, 17600.0], [96275.0, 4110.0], [96272.5, 7300.0], [96270.0, 48780.0], [96267.5, 77010.0], [96265.0, 70000.0], [96260.0, 3000.0], [96257.5, 14850.0], [96247.5, 13550.0], [96245.0, 58320.0], [96242.5, 10500.0], [96235.0, 3150.0], [96232.5, 10500.0], [96227.5, 4440.0], [96225.0, 17950.0], [96222.5, 10500.0], [96215.0, 3170.0], [96212.5, 10500.0], [96197.5, 3150.0], [96195.0, 10500.0]], "asks": [[96280.0, 570.0], [96295.0, 1310.0], [96297.5, 4350.0], [96300.0, 3150.0], [96302.5, 10500.0], [96305.0, 6360.0], [96307.5, 10000.0], [96310.0, 14360.0], [96315.0, 10500.0], [96330.0, 3150.0], [96332.5, 10500.0], [96335.0, 600.0], [96337.5, 2000.0], [96340.0, 3150.0], [96342.5, 10500.0], [96347.5, 13160.0], [96350.0, 49970.0], [96352.5, 21680.0], [96357.5, 20.0], [96360.0, 3150.0]]}}}
{"jsonrpc": "2.0", "method": "subscription", "params": {"channel": "book.BTC-10JAN25.none.20.100ms", "data": {"timestamp": 1735834075719, "change_id": 84065927558, "instrument_name": "BTC-10JAN25", "bids": [[96620.0, 5000.0], [96610.0, 990.0], [96607.5, 3300.0], [96605.0, 27680.0], [96602.5, 7500.0], [96600.0, 87280.0], [96595.0, 3550.0], [96592.5, 11830.0], [96585.0, 2250.0], [96582.5, 7500.0], [96570.0, 2250.0], [96567.5, 7500.0], [96560.0, 2250.0], [96557.5, 7500.0], [96552.5, 20.0], [96545.0, 2250.0], [96542.5, 7500.0], [96540.0, 4800.0], [96537.5, 15990.0], [96535.0, 2260.0]], "asks": [[96625.0, 10.0], [96630.0, 4500.0], [96632.5, 15000.0], [96637.5, 1300.0], [96640.0, 5320.0], [96642.5, 3300.0], [96645.0, 16970.0], [96647.5, 7520.0], [96650.0, 50000.0], [96655.0, 4970.0], [96657.5, 17500.0], [96670.0, 2340.0], [96675.0, 11960.0], [96677.5, 14850.0], [96680.0, 16890.0], [96682.5, 50000.0], [96685.0, 7500.0], [96692.5, 2250.0], [96695.0, 7500.0], [96697.5, 20.0]]}}}
{"jsonrpc": "2.0", "method": "subscription", "params": {"channel": "book.BTC-3JAN25.none.20.100ms", "data": {"timestamp": 1735834075757, "change_id": 84065927602, "instrument_name": "BTC-3JAN25", "bids": [[96287.5, 7300.0], [96285.0, 15370.0], [96282.5, 7300.0], [96280.0, 23080.0], [96277.5, 17600.0], [96275.0, 2190.0], [96272.5, 7300.0], [96270.0, 41480.0], [96267.5, 77010.0], [96265.0, 70000.0], [96260.0, 7080.0], [96257.5, 14850.0], [96255.0, 10000.0], [96247.5, 13550.0], [96245.0, 48320.0], [96242.5, 10500.0], [96235.0, 3150.0], [96232.5, 10500.0], [96227.5, 4440.0], [96225.0, 17950.0]], "asks": [[96290.0, 13120.0], [96292.5, 10960.0], [96295.0, 1310.0], [96297.5, 4350.0], [96300.0, 3150.0], [96302.5, 10500.0], [96305.0, 6360.0], [96307.5, 10000.0], [96310.0, 14360.0], [96315.0, 10500.0], [96330.0, 3150.0], [96332.5, 10500.0], [96335.0, 600.0], [96337.5, 2000.0], [96340.0, 3150.0], [96342.5, 10500.0], [96347.5, 13160.0], [96350.0, 49970.0], [96352.5, 21680.0], [96357.5, 20.0]]}}}
{"jsonrpc": "2.0", "method": "subscription", "params": {"channel": "book.BTC-3JAN25.none.20.100ms", "data": {"timestamp": 1735834076110, "change_id": 84065927958, "instrument_name": "BTC-3JAN25", "bids": [[96287.5, 7300.0], [96285.0, 15370.0], [96282.5, 7300.0], [96280.0, 23080.0], [96277.5, 17600.0], [96275.0, 2190.0], [96272.5, 7300.0], [96270.0, 41480.0], [96267.5, 147010.0], [96260.0, 7080.0], [96257.5, 14850.0], [96255.0, 10000.0], [96252.5, 13550.0], [96250.0, 45170.0], [96245.0, 3150.0], [96242.5, 10500.0], [96235.0, 3150.0], [96232.5, 10500.0], [96227.5, 14800.0], [96225.0, 3150.0]], "asks": [[96290.0, 3080.0], [96295.0, 1310.0], [96297.5, 4350.0], [96305.0, 6360.0], [96307.5, 10000.0], [96310.0, 14360.0], [96315.0, 10500.0], [96330.0, 3150.0], [96332.5, 10500.0], [96335.0, 600.0], [96337.5, 2000.0], [96340.0, 3150.0], [96342.5, 10500.0], [96347.5, 13160.0], [96350.0, 49970.0], [96352.5, 21680.0], [96357.5, 20.0], [96360.0, 3150.0], [96362.5, 10500.0], [96365.0, 300.0]]}}}
{"jsonrpc": "2.0", "method": "subscription", "params": {"channel": "book.BTC-10JAN25.none.20.100ms", "data": {"timestamp": 1735834076125, "change_id": 84065928021, "instrument_name": "BTC-10JAN25", "bids": [[96622.5, 280.0], [96617.5, 990.0], [96615.0, 9260.0], [96612.5, 10800.0], [96610.0, 10990.0], [96607.5, 3300.0], [96605.0, 27680.0], [96602.5, 7500.0], [96600.0, 77280.0], [96595.0, 3550.0], [96592.5, 11830.0], [96585.0, 2250.0], [96582.5, 7500.0], [96570.0, 2250.0], [96567.5, 7500.0], [96560.0, 2250.0], [96557.5, 7500.0], [96552.5, 20.0], [96545.0, 2250.0], [96542.5, 7500.0]], "asks": [[96625.0, 10.0], [96630.0, 4500.0], [96632.5, 15000.0], [96637.5, 1300.0], [96640.0, 5320.0], [96642.5, 3300.0], [96645.0, 16970.0], [96647.5, 7520.0], [96650.0, 50000.0], [96655.0, 4970.0], [96657.5, 17500.0], [96670.0, 2340.0], [96675.0, 11960.0], [96677.5, 14850.0], [96680.0, 16890.0], [96682.5, 50000.0], [96685.0, 7500.0], [96692.5, 2250.0], [96695.0, 7500.0], [96697.5, 20.0]]}}}
{"jsonrpc": "2.0", "method": "subscription", "params": {"channel": "book.BTC-3JAN25.none.20.100ms", "data": {"timestamp": 1735834076428, "change_id": 84065928518, "instrument_name": "BTC-3JAN25", "bids": [[96287.5, 17800.0], [96285.0, 15370.0], [96282.5, 7300.0], [96280.0, 22810.0], [96277.5, 17600.0], [96275.0, 2190.0], [96272.5, 7300.0], [96270.0, 41480.0], [96267.5, 151360.0], [96260.0, 7080.0], [96257.5, 10500.0], [96255.0, 10000.0], [96252.5, 13550.0], [96250.0, 45170.0], [96245.0, 3150.0], [96242.5, 10500.0], [96235.0, 3150.0], [96232.5, 10500.0], [96227.5, 14800.0], [96225.0, 3150.0]], "asks": [[96290.0, 3080.0], [96295.0, 1310.0], [96297.5, 4350.0], [96305.0, 3360.0], [96310.0, 14360.0], [96315.0, 10500.0], [96325.0, 3000.0], [96327.5, 10000.0], [96330.0, 3150.0], [96332.5, 10500.0], [96335.0, 600.0], [96337.5, 2000.0], [96340.0, 3150.0], [96342.5, 10500.0], [96347.5, 13160.0], [96350.0, 49970.0], [96352.5, 21680.0], [96357.5, 20.0], [96360.0, 3150.0], [96362.5, 10500.0]]}}}
{"jsonrpc": "2.0", "method": "subscription", "params": {"channel": "book.BTC-10JAN25.none.20.100ms", "data": {"timestamp": 1735834076503, "change_id": 84065929089, "instrument_name": "BTC-10JAN25", "bids": [[96622.5, 14960.0], [96617.5, 990.0], [96615.0, 9260.0], [96612.5, 10800.0], [96610.0, 10990.0], [96607.5, 3300.0], [96605.0, 27680.0], [96602.5, 11830.0], [96600.0, 77280.0], [96592.5, 7500.0], [96585.0, 2250.0], [96582.5, 7500.0], [96570.0, 2250.0], [96567.5, 7500.0], [96560.0, 2250.0], [96557.5, 7500.0], [96552.5, 20.0], [96545.0, 2250.0], [96542.5, 7500.0], [96540.0, 4800.0]], "asks": [[96625.0, 10.0], [96632.5, 990.0], [96635.0, 3300.0], [96637.5, 1300.0], [96640.0, 5320.0], [96642.5, 3300.0], [96645.0, 2260.0], [96647.5, 7520.0], [96655.0, 2250.0], [96657.5, 7500.0], [96670.0, 2340.0], [96672.5, 50000.0], [96675.0, 21960.0], [96677.5, 14850.0], [96680.0, 16890.0], [96682.5, 50000.0], [96685.0, 7500.0], [96692.5, 2250.0], [96695.0, 7500.0], [96697.5, 20.0]]}}}
{"jsonrpc": "2.0", "method": "subscription", "params": {"channel": "book.BTC-3JAN25.none.20.100ms", "data": {"timestamp": 1735834076831, "change_id": 84065929346, "instrument_name": "BTC-3JAN25", "bids": [[96287.5, 7300.0], [96285.0, 11680.0], [96282.5, 7300.0], [96280.0, 9430.0], [96277.5, 7100.0], [96275.0, 2190.0], [96272.5, 7300.0], [96270.0, 41480.0], [96267.5, 151360.0], [96260.0, 7080.0], [96257.5, 10500.0], [96255.0, 10000.0], [96252.5, 13550.0], [96250.0, 45170.0], [96245.0, 3150.0], [96242.5, 10500.0], [96235.0, 3150.0], [96232.5, 10500.0], [96227.5, 14800.0], [96225.0, 3150.0]], "asks": [[96290.0, 3080.0], [96295.0, 4290.0], [96297.5, 4350.0], [96300.0, 10500.0], [96305.0, 5130.0], [96307.5, 7300.0], [96310.0, 14360.0], [96315.0, 10500.0], [96325.0, 3000.0], [96327.5, 10000.0], [96330.0, 3150.0], [96332.5, 10500.0], [96335.0, 600.0], [96337.5, 2000.0], [96340.0, 3150.0], [96342.5, 10500.0], [96347.5, 13160.0], [96350.0, 49970.0], [96352.5, 21680.0], [96357.5, 20.0]]}}}
{"jsonrpc": "2.0", "method": "subscription", "params": {"channel": "book.BTC-10JAN25.none.20.100ms", "data": {"timestamp": 1735834076867, "change_id": 84065929384, "instrument_name": "BTC-10JAN25", "bids": [[96622.5, 3300.0], [96620.0, 5000.0], [96617.5, 990.0], [96615.0, 9260.0], [96612.5, 10800.0], [96610.0, 10990.0], [96605.0, 27680.0], [96602.5, 11830.0], [96600.0, 77280.0], [96592.5, 7500.0], [96585.0, 2250.0], [96582.5, 7500.0], [96570.0, 2250.0], [96567.5, 7500.0], [96560.0, 2250.0], [96557.5, 7500.0], [96552.5, 20.0], [96545.0, 2250.0], [96542.5, 7500.0], [96540.0, 4800.0]], "asks": [[96625.0, 10.0], [96632.5, 990.0], [96635.0, 3300.0], [96637.5, 1300.0], [96640.0, 5320.0], [96642.5, 3300.0], [96645.0, 2260.0], [96647.5, 7520.0], [96655.0, 2250.0], [96657.5, 7500.0], [96670.0, 2340.0], [96672.5, 50000.0], [96675.0, 21960.0], [96677.5, 14850.0], [96680.0, 16890.0], [96682.5, 50000.0], [96685.0, 7500.0], [96692.5, 2250.0], [96695.0, 7500.0], [96697.5, 20.0]]}}}
{"jsonrpc": "2.0", "method": "subscription", "params": {"channel": "book.BTC-3JAN25.none.20.100ms", "data": {"timestamp": 1735834077158, "change_id": 84065929548, "instrument_name": "BTC-3JAN25", "bids": [[96287.5, 7300.0], [96285.0, 11680.0], [96282.5, 7300.0], [96280.0, 9430.0], [96277.5, 7100.0], [96275.0, 2190.0], [96272.5, 7300.0], [96270.0, 21000.0], [96267.5, 84850.0], [96260.0, 7080.0], [96257.5, 10500.0], [96255.0, 10000.0], [96252.5, 13550.0], [96250.0, 45170.0], [96245.0, 3150.0], [96242.5, 10500.0], [96235.0, 3150.0], [96232.5, 10500.0], [96227.5, 14800.0], [96225.0, 3150.0]], "asks": [[96290.0, 3080.0], [96295.0, 1310.0], [96297.5, 4350.0], [96305.0, 5130.0], [96307.5, 7300.0], [96310.0, 14360.0], [96315.0, 10500.0], [96325.0, 3000.0], [96327.5, 10000.0], [96330.0, 3150.0], [96332.5, 10500.0], [96335.0, 600.0], [96337.5, 2000.0], [96340.0, 3150.0], [96342.5, 10500.0], [96347.5, 13160.0], [96350.0, 49970.0], [96352.5, 21680.0], [96357.5, 20.0], [96360.0, 3150.0]]}}}
{"jsonrpc": "2.0", "method": "subscription", "params": {"channel": "book.BTC-10JAN25.none.20.100ms", "data": {"timestamp": 1735834077158, "change_id": 84065929549, "instrument_name": "BTC-10JAN25", "bids": [[96622.5, 8300.0], [96617.5, 990.0], [96615.0, 9260.0], [96612.5, 10800.0], [96610.0, 10990.0], [96605.0, 3550.0], [96602.5, 11830.0], [96595.0, 2250.0], [96592.5, 7500.0], [96585.0, 2250.0], [96582.5, 7500.0], [96570.0, 2250.0], [96567.5, 7500.0], [96562.5, 300.0], [96560.0, 2250.0], [96557.5, 7500.0], [96552.5, 20.0], [96545.0, 2250.0], [96542.5, 7500.0], [96540.0, 4800.0]], "asks": [[96625.0, 10.0], [96632.5, 990.0], [96635.0, 3300.0], [96637.5, 1300.0], [96640.0, 5320.0], [96642.5, 3300.0], [96645.0, 2260.0], [96647.5, 7520.0], [96655.0, 2250.0], [96657.5, 7500.0], [96670.0, 19960.0], [96672.5, 50000.0], [96675.0, 21960.0], [96677.5, 14850.0], [96680.0, 16890.0], [96682.5, 50000.0], [96685.0, 7500.0], [96692.5, 2250.0], [96695.0, 7500.0], [96697.5, 20.0]]}}}
{"jsonrpc": "2.0", "method": "subscription", "params": {"channel": "book.BTC-10JAN25.none.20.100ms", "data": {"timestamp": 1735834077442, "change_id": 84065929813, "instrument_name": "BTC-10JAN25", "bids": [[96620.0, 9290.0], [96615.0, 5550.0], [96612.5, 10800.0], [96610.0, 23060.0], [96607.5, 77280.0], [96605.0, 13550.0], [96602.5, 11830.0], [96595.0, 2250.0], [96592.5, 7500.0], [96585.0, 2250.0], [96582.5, 7500.0], [96570.0, 2250.0], [96567.5, 7500.0], [96562.5, 300.0], [96560.0, 2250.0], [96557.5, 7500.0], [96552.5, 20.0], [96545.0, 2250.0], [96542.5, 7500.0], [96540.0, 4800.0]], "asks": [[96625.0, 10.0], [96632.5, 990.0], [96635.0, 5590.0], [96637.5, 3300.0], [96640.0, 5320.0], [96642.5, 3300.0], [96645.0, 2260.0], [96647.5, 7520.0], [96655.0, 2250.0], [96657.5, 7500.0], [96670.0, 19960.0], [96672.5, 50000.0], [96675.0, 21960.0], [96677.5, 14850.0], [96680.0, 16890.0], [96682.5, 50000.0], [96685.0, 7500.0], [96692.5, 2250.0], [96695.0, 7500.0], [96697.5, 20.0]]}}}
{"jsonrpc": "2.0", "method": "subscription", "params": {"channel": "book.BTC-3JAN25.none.20.100ms", "data": {"timestamp": 1735834077394, "change_id": 84065929769, "instrument_name": "BTC-3JAN25", "bids": [[96287.5, 7300.0], [96285.0, 11680.0], [96282.5, 7300.0], [96280.0, 32270.0], [96277.5, 7100.0], [96275.0, 79210.0], [96272.5, 7300.0], [96270.0, 21000.0], [96267.5, 84850.0], [96260.0, 7080.0], [96257.5, 10500.0], [96255.0, 10000.0], [96252.5, 13550.0], [96250.0, 45170.0], [96245.0, 3150.0], [96242.5, 10500.0], [96235.0, 3150.0], [96232.5, 10500.0], [96227.5, 14800.0], [96225.0, 3150.0]], "asks": [[96290.0, 3080.0], [96295.0, 1310.0], [96297.5, 4350.0], [96305.0, 5130.0], [96307.5, 7300.0], [96310.0, 14360.0], [96315.0, 10500.0], [96325.0, 3000.0], [96327.5, 10000.0], [96330.0, 3150.0], [96332.5, 10500.0], [96335.0, 600.0], [96337.5, 2000.0], [96340.0, 3150.0], [96342.5, 10500.0], [96347.5, 13160.0], [96350.0, 49970.0], [96352.5, 21680.0], [96357.5, 20.0], [96360.0, 3150.0]]}}}
{"jsonrpc": "2.0", "method": "subscription", "params": {"channel": "book.BTC-3JAN25.none.20.100ms", "data": {"timestamp": 1735834077808, "change_id": 84065930198, "instrument_name": "BTC-3JAN25", "bids": [[96287.5, 7300.0], [96285.0, 2190.0], [96282.5, 7300.0], [96280.0, 24970.0], [96277.5, 7100.0], [96275.0, 79210.0], [96272.5, 7300.0], [96270.0, 21000.0], [96267.5, 84850.0], [96260.0, 7080.0], [96257.5, 10500.0], [96255.0, 10000.0], [96252.5, 13550.0], [96250.0, 45170.0], [96245.0, 3150.0], [96242.5, 10500.0], [96235.0, 3150.0], [96232.5, 10500.0], [96230.0, 4440.0], [96227.5, 14800.0]], "asks": [[96290.0, 13580.0], [96295.0, 4290.0], [96297.5, 4350.0], [96300.0, 12690.0], [96302.5, 7300.0], [96305.0, 5130.0], [96307.5, 7300.0], [96310.0, 14360.0], [96315.0, 10500.0], [96325.0, 3000.0], [96327.5, 10000.0], [96330.0, 3150.0], [96332.5, 10500.0], [96335.0, 600.0], [96337.5, 2000.0], [96340.0, 3150.0], [96342.5, 10500.0], [96347.5, 13160.0], [96350.0, 49970.0], [96352.5, 21680.0]]}}}
