{"jsonrpc": "2.0", "method": "subscription", "params": {"channel": "book.BTC-17JAN25.none.20.100ms", "data": {"timestamp": 1736766746241, "change_id": 84746678392, "instrument_name": "BTC-17JAN25", "bids": [[91407.5, 320.0], [91405.0, 17500.0], [91400.0, 3810.0], [91397.5, 3120.0], [91395.0, 10000.0], [91392.5, 20.0], [91390.0, 2790.0], [91385.0, 7000.0], [91375.0, 15180.0], [91370.0, 51400.0], [91360.0, 2110.0], [91357.5, 7000.0], [91355.0, 3140.0], [91350.0, 2100.0], [91347.5, 7000.0], [91340.0, 2110.0], [91337.5, 7020.0], [91330.0, 2100.0], [91327.5, 7000.0], [91320.0, 2120.0]], "asks": [[91410.0, 11200.0], [91412.5, 11200.0], [91415.0, 2200.0], [91417.5, 4200.0], [91420.0, 6320.0], [91422.5, 11200.0], [91425.0, 16150.0], [91427.5, 4200.0], [91430.0, 51280.0], [91432.5, 4200.0], [91435.0, 5100.0], [91437.5, 10120.0], [91440.0, 10000.0], [91445.0, 2110.0], [91447.5, 7020.0], [91450.0, 120.0], [91455.0, 2100.0], [91457.5, 7000.0], [91462.5, 610.0], [91465.0, 17090.0]]}}}
{"jsonrpc": "2.0", "method": "subscription", "params": {"channel": "book.BTC-17JAN25.none.20.100ms", "data": {"timestamp": 1736766746544, "change_id": 84746678483, "instrument_name": "BTC-17JAN25", "bids": [[91407.5, 200.0], [91405.0, 15000.0], [91400.0, 3810.0], [91397.5, 3120.0], [91395.0, 10120.0], [91392.5, 20.0], [91390.0, 2790.0], [91385.0, 7000.0], [91375.0, 15180.0], [91370.0, 51400.0], [91360.0, 2110.0], [91357.5, 7000.0], [91355.0, 3140.0], [91350.0, 2100.0], [91347.5, 7000.0], [91340.0, 2110.0], [91337.5, 7020.0], [91330.0, 2100.0], [91327.5, 7000.0], [91320.0, 2120.0]], "asks": [[91410.0, 11200.0], [91412.5, 11200.0], [91415.0, 3180.0], [91417.5, 4200.0], [91420.0, 10520.0], [91422.5, 11200.0], [91425.0, 16150.0], [91427.5, 4200.0], [91430.0, 51280.0], [91432.5, 4200.0], [91435.0, 5100.0], [91437.5, 10120.0], [91440.0, 10000.0], [91445.0, 2110.0], [91447.5, 7020.0], [91450.0, 120.0], [91455.0, 2100.0], [91457.5, 7000.0], [91462.5, 610.0], [91465.0, 17090.0]]}}}
{"jsonrpc": "2.0", "method": "subscription", "params": {"channel": "book.BTC-24JAN25.none.20.100ms", "data": {"timestamp": 1736766746661, "change_id": 84746678575, "instrument_name": "BTC-24JAN25", "bids": [[91600.0, 4500.0], [91595.0, 17730.0], [91592.5, 3300.0], [91590.0, 8080.0], [91587.5, 5500.0], [91585.0, 2210.0], [91582.5, 7350.0], [91580.0, 5330.0], [91577.5, 15500.0], [91575.0, 20.0], [91570.0, 1550.0], [91567.5, 5500.0], [91565.0, 1000.0], [91560.0, 7690.0], [91557.5, 14810.0], [91552.5, 1650.0], [91550.0, 5500.0], [91545.0, 1660.0], [91540.0, 10480.0], [91537.5, 16540.0]], "asks": [[91605.0, 3060.0], [91607.5, 10200.0], [91612.5, 1000.0], [91615.0, 4900.0], [91617.5, 5500.0], [91625.0, 1660.0], [91630.0, 5520.0], [91635.0, 1650.0], [91640.0, 5500.0], [91642.5, 50000.0], [91645.0, 2630.0], [91650.0, 8770.0], [91655.0, 6420.0], [91660.0, 22090.0], [91667.5, 20.0], [91670.0, 1650.0], [91675.0, 5500.0], [91680.0, 1660.0], [91685.0, 5520.0], [91690.0, 1650.0]]}}}
{"jsonrpc": "2.0", "method": "subscription", "params": {"channel": "book.BTC-24JAN25.none.20.100ms", "data": {"timestamp": 1736766747017, "change_id": 84746678868, "instrument_name": "BTC-24JAN25", "bids": [[91600.0, 4500.0], [91595.0, 17730.0], [91592.5, 3300.0], [91590.0, 8080.0], [91587.5, 5500.0], [91585.0, 6610.0], [91582.5, 7350.0], [91580.0, 20940.0], [91577.5, 15500.0], [91575.0, 20.0], [91570.0, 1550.0], [91567.5, 5500.0], [91565.0, 1000.0], [91560.0, 7690.0], [91557.5, 14810.0], [91552.5, 1650.0], [91550.0, 5500.0], [91545.0, 1660.0], [91540.0, 5520.0], [91532.5, 1650.0]], "asks": [[91605.0, 3060.0], [91607.5, 10200.0], [91612.5, 1000.0], [91615.0, 4900.0], [91617.5, 5500.0], [91625.0, 1660.0], [91630.0, 5520.0], [91635.0, 1650.0], [91640.0, 5500.0], [91642.5, 50000.0], [91645.0, 2630.0], [91650.0, 8770.0], [91655.0, 6420.0], [91660.0, 22090.0], [91667.5, 20.0], [91670.0, 1650.0], [91675.0, 5500.0], [91680.0, 1660.0], [91685.0, 5520.0], [91690.0, 1650.0]]}}}
{"jsonrpc": "2.0", "method": "subscription", "params": {"channel": "book.BTC-17JAN25.none.20.100ms", "data": {"timestamp": 1736766747306, "change_id": 84746679009, "instrument_name": "BTC-17JAN25", "bids": [[91407.5, 200.0], [91405.0, 15000.0], [91400.0, 3810.0], [91397.5, 3120.0], [91395.0, 10120.0], [91392.5, 20.0], [91390.0, 2790.0], [91385.0, 7000.0], [91375.0, 15180.0], [91370.0, 51400.0], [91360.0, 2110.0], [91357.5, 7000.0], [91355.0, 3140.0], [91350.0, 2100.0], [91347.5, 7000.0], [91340.0, 2110.0], [91337.5, 7020.0], [91330.0, 2100.0], [91327.5, 7000.0], [91320.0, 2120.0]], "asks": [[91410.0, 11200.0], [91412.5, 11200.0], [91415.0, 3180.0], [91417.5, 4200.0], [91420.0, 10520.0], [91422.5, 11200.0], [91425.0, 16150.0], [91427.5, 4200.0], [91430.0, 51280.0], [91432.5, 4200.0], [91435.0, 5100.0], [91437.5, 10120.0], [91440.0, 10000.0], [91445.0, 2110.0], [91447.5, 7020.0], [91455.0, 2100.0], [91457.5, 7000.0], [91462.5, 610.0], [91465.0, 17090.0], [91467.5, 66420.0]]}}}
{"jsonrpc": "2.0", "method": "subscription", "params": {"channel": "book.BTC-17JAN25.none.20.100ms", "data": {"timestamp": 1736766747660, "change_id": 84746679099, "instrument_name": "BTC-17JAN25", "bids": [[91407.5, 200.0], [91405.0, 15000.0], [91400.0, 3810.0], [91397.5, 3120.0], [91395.0, 10120.0], [91392.5, 20.0], [91390.0, 2790.0], [91385.0, 7000.0], [91375.0, 15180.0], [91370.0, 51400.0], [91360.0, 2110.0], [91357.5, 7000.0], [91355.0, 3140.0], [91350.0, 2100.0], [91347.5, 7000.0], [91340.0, 2110.0], [91337.5, 7020.0], [91330.0, 2100.0], [91327.5, 7000.0], [91320.0, 2120.0]], "asks": [[91410.0, 11200.0], [91412.5, 11200.0], [91415.0, 3180.0], [91417.5, 4200.0], [91420.0, 10520.0], [91422.5, 11200.0], [91425.0, 16150.0], [91427.5, 4200.0], [91430.0, 51280.0], [91432.5, 4200.0], [91435.0, 5100.0], [91437.5, 10120.0], [91440.0, 10000.0], [91445.0, 2110.0], [91447.5, 7020.0], [91455.0, 2100.0], [91457.5, 7000.0], [91462.5, 610.0], [91465.0, 17090.0], [91467.5, 66420.0]]}}}
{"jsonrpc": "2.0", "method": "subscription", "params": {"channel": "book.BTC-24JAN25.none.20.100ms", "data": {"timestamp": 1736766747471, "change_id": 84746679054, "instrument_name": "BTC-24JAN25", "bids": [[91600.0, 7800.0], [91595.0, 17730.0], [91592.5, 3300.0], [91590.0, 8080.0], [91587.5, 5500.0], [91585.0, 6610.0], [91582.5, 7350.0], [91580.0, 20940.0], [91577.5, 15500.0], [91575.0, 20.0], [91570.0, 1550.0], [91567.5, 5500.0], [91565.0, 1000.0], [91560.0, 7690.0], [91557.5, 14810.0], [91552.5, 1650.0], [91550.0, 5500.0], [91545.0, 1660.0], [91540.0, 5520.0], [91532.5, 1650.0]], "asks": [[91605.0, 3060.0], [91607.5, 10200.0], [91612.5, 1000.0], [91615.0, 4900.0], [91617.5, 5500.0], [91625.0, 1660.0], [91630.0, 5520.0], [91635.0, 1650.0], [91640.0, 5500.0], [91642.5, 50000.0], [91645.0, 2630.0], [91650.0, 8770.0], [91655.0, 6420.0], [91660.0, 22090.0], [91667.5, 20.0], [91670.0, 1650.0], [91675.0, 5500.0], [91680.0, 1660.0], [91685.0, 5520.0], [91690.0, 1650.0]]}}}
{"jsonrpc": "2.0", "method": "subscription", "params": {"channel": "book.BTC-17JAN25.none.20.100ms", "data": {"timestamp": 1736766747969, "change_id": 84746679185, "instrument_name": "BTC-17JAN25", "bids": [[91407.5, 200.0], [91405.0, 15000.0], [91400.0, 3810.0], [91397.5, 3120.0], [91395.0, 10120.0], [91392.5, 20.0], [91390.0, 2790.0], [91385.0, 7000.0], [91375.0, 15180.0], [91370.0, 51400.0], [91360.0, 2110.0], [91357.5, 7000.0], [91355.0, 3140.0], [91350.0, 2100.0], [91347.5, 7000.0], [91340.0, 2110.0], [91337.5, 7020.0], [91330.0, 2100.0], [91327.5, 7000.0], [91320.0, 2120.0]], "asks": [[91410.0, 4200.0], [91412.5, 11200.0], [91415.0, 3180.0], [91417.5, 4200.0], [91420.0, 10520.0], [91422.5, 11200.0], [91425.0, 16150.0], [91427.5, 4200.0], [91430.0, 61280.0], [91432.5, 4200.0], [91435.0, 3040.0], [91437.5, 10120.0], [91445.0, 2110.0], [91447.5, 7020.0], [91455.0, 2100.0], [91457.5, 7000.0], [91462.5, 610.0], [91465.0, 17090.0], [91467.5, 66420.0], [91475.0, 2260.0]]}}}
{"jsonrpc": "2.0", "method": "subscription", "params": {"channel": "book.BTC-24JAN25.none.20.100ms", "data": {"timestamp": 1736766747795, "change_id": 84746679165, "instrument_name": "BTC-24JAN25", "bids": [[91600.0, 7800.0], [91595.0, 17730.0], [91592.5, 3300.0], [91590.0, 8080.0], [91587.5, 5500.0], [91585.0, 6610.0], [91582.5, 7350.0], [91580.0, 20940.0], [91577.5, 15500.0], [91575.0, 20.0], [91570.0, 1550.0], [91567.5, 5500.0], [91565.0, 1000.0], [91560.0, 7690.0], [91557.5, 14810.0], [91552.5, 1650.0], [91550.0, 5500.0], [91545.0, 1660.0], [91540.0, 5520.0], [91532.5, 1650.0]], "asks": [[91605.0, 10000.0], [91607.5, 200.0], [91612.5, 1000.0], [91615.0, 4900.0], [91617.5, 5500.0], [91625.0, 1660.0], [91630.0, 5520.0], [91635.0, 1650.0], [91640.0, 5500.0], [91642.5, 50000.0], [91645.0, 2630.0], [91650.0, 8770.0], [91655.0, 6420.0], [91660.0, 22090.0], [91667.5, 20.0], [91670.0, 1650.0], [91675.0, 5500.0], [91680.0, 1660.0], [91685.0, 5520.0], [91690.0, 1650.0]]}}}
{"jsonrpc": "2.0", "method": "subscription", "params": {"channel": "book.BTC-17JAN25.none.20.100ms", "data": {"timestamp": 1736766748117, "change_id": 84746679314, "instrument_name": "BTC-17JAN25", "bids": [[91407.5, 320.0], [91405.0, 15000.0], [91400.0, 5600.0], [91397.5, 10120.0], [91395.0, 10000.0], [91392.5, 20.0], [91390.0, 2790.0], [91385.0, 7000.0], [91375.0, 15180.0], [91370.0, 51400.0], [91360.0, 2110.0], [91357.5, 7000.0], [91355.0, 3140.0], [91350.0, 2100.0], [91347.5, 7000.0], [91340.0, 2110.0], [91337.5, 7020.0], [91330.0, 2100.0], [91327.5, 7000.0], [91320.0, 2120.0]], "asks": [[91410.0, 4200.0], [91412.5, 4200.0], [91415.0, 3180.0], [91417.5, 4200.0], [91420.0, 10520.0], [91422.5, 11200.0], [91425.0, 16150.0], [91427.5, 4200.0], [91430.0, 61280.0], [91432.5, 4200.0], [91435.0, 3040.0], [91437.5, 10120.0], [91445.0, 2110.0], [91447.5, 7020.0], [91455.0, 2100.0], [91457.5, 7000.0], [91462.5, 610.0], [91465.0, 17090.0], [91467.5, 66420.0], [91475.0, 2260.0]]}}}
{"jsonrpc": "2.0", "method": "subscription", "params": {"channel": "book.BTC-24JAN25.none.20.100ms", "data": {"timestamp": 1736766748346, "change_id": 84746679409, "instrument_name": "BTC-24JAN25", "bids": [[91602.5, 4290.0], [91600.0, 7800.0], [91595.0, 17730.0], [91592.5, 3300.0], [91590.0, 8080.0], [91587.5, 5500.0], [91585.0, 6610.0], [91582.5, 7350.0], [91580.0, 20940.0], [91577.5, 15500.0], [91575.0, 20.0], [91570.0, 1550.0], [91567.5, 5500.0], [91565.0, 1000.0], [91560.0, 7690.0], [91557.5, 14810.0], [91552.5, 1650.0], [91550.0, 5500.0], [91545.0, 1660.0], [91540.0, 5520.0]], "asks": [[91607.5, 200.0], [91612.5, 1000.0], [91615.0, 3250.0], [91617.5, 3000.0], [91620.0, 10000.0], [91625.0, 1660.0], [91630.0, 5520.0], [91635.0, 1650.0], [91640.0, 5500.0], [91645.0, 2630.0], [91650.0, 8770.0], [91655.0, 56420.0], [91660.0, 22090.0], [91667.5, 20.0], [91670.0, 1650.0], [91675.0, 5500.0], [91680.0, 1660.0], [91685.0, 5520.0], [91690.0, 1650.0], [91695.0, 5500.0]]}}}
{"jsonrpc": "2.0", "method": "subscription", "params": {"channel": "book.BTC-17JAN25.none.20.100ms", "data": {"timestamp": 1736766748428, "change_id": 84746679444, "instrument_name": "BTC-17JAN25", "bids": [[91407.5, 4820.0], [91405.0, 15000.0], [91400.0, 5600.0], [91397.5, 10120.0], [91395.0, 10000.0], [91392.5, 20.0], [91390.0, 2790.0], [91385.0, 7000.0], [91375.0, 15180.0], [91370.0, 51400.0], [91360.0, 2110.0], [91357.5, 7000.0], [91355.0, 3140.0], [91350.0, 2100.0], [91347.5, 7000.0], [91340.0, 2110.0], [91337.5, 7020.0], [91330.0, 2100.0], [91327.5, 7000.0], [91320.0, 2120.0]], "asks": [[91412.5, 4200.0], [91415.0, 3180.0], [91417.5, 4200.0], [91420.0, 8580.0], [91422.5, 4200.0], [91425.0, 16150.0], [91427.5, 4200.0], [91430.0, 61280.0], [91432.5, 4200.0], [91435.0, 3040.0], [91437.5, 10120.0], [91445.0, 2110.0], [91447.5, 7020.0], [91455.0, 2100.0], [91457.5, 7000.0], [91462.5, 610.0], [91465.0, 17090.0], [91467.5, 66420.0], [91475.0, 2260.0], [91480.0, 7000.0]]}}}
{"jsonrpc": "2.0", "method": "subscription", "params": {"channel": "book.BTC-24JAN25.none.20.100ms", "data": {"timestamp": 1736766748599, "change_id": 84746679505, "instrument_name": "BTC-24JAN25", "bids": [[91602.5, 3300.0], [91600.0, 4500.0], [91597.5, 3300.0], [91595.0, 17730.0], [91592.5, 3300.0], [91590.0, 8080.0], [91587.5, 5500.0], [91585.0, 6340.0], [91580.0, 28290.0], [91577.5, 15500.0], [91575.0, 20.0], [91570.0, 1550.0], [91567.5, 5500.0], [91565.0, 1000.0], [91560.0, 3250.0], [91557.5, 4460.0], [91555.0, 14790.0], [91552.5, 1650.0], [91550.0, 5500.0], [91545.0, 1660.0]], "asks": [[91607.5, 10200.0], [91612.5, 1000.0], [91615.0, 3250.0], [91625.0, 1660.0], [91630.0, 5520.0], [91635.0, 1650.0], [91640.0, 5500.0], [91645.0, 2630.0], [91650.0, 8770.0], [91655.0, 56420.0], [91660.0, 22090.0], [91667.5, 20.0], [91670.0, 1650.0], [91675.0, 5500.0], [91680.0, 1660.0], [91685.0, 5520.0], [91690.0, 1650.0], [91695.0, 5500.0], [91702.5, 1660.0], [91705.0, 5520.0]]}}}
{"jsonrpc": "2.0", "method": "subscription", "params": {"channel": "book.BTC-17JAN25.none.20.100ms", "data": {"timestamp": 1736766748998, "change_id": 84746679655, "instrument_name": "BTC-17JAN25", "bids": [[91410.0, 14120.0], [91407.5, 11700.0], [91405.0, 15000.0], [91400.0, 5600.0], [91397.5, 10120.0], [91395.0, 10000.0], [91392.5, 20.0], [91390.0, 2790.0], [91385.0, 7000.0], [91375.0, 15180.0], [91370.0, 51400.0], [91360.0, 2110.0], [91357.5, 7000.0], [91355.0, 3140.0], [91350.0, 2100.0], [91347.5, 7000.0], [91340.0, 2110.0], [91337.5, 7020.0], [91330.0, 2100.0], [91327.5, 7000.0]], "asks": [[91415.0, 3180.0], [91417.5, 4200.0], [91420.0, 8580.0], [91422.5, 4200.0], [91425.0, 16150.0], [91427.5, 4200.0], [91430.0, 61280.0], [91432.5, 4200.0], [91435.0, 3040.0], [91437.5, 10120.0], [91445.0, 2110.0], [91447.5, 7020.0], [91455.0, 2100.0], [91457.5, 7000.0], [91462.5, 730.0], [91465.0, 17090.0], [91467.5, 66420.0], [91475.0, 2140.0], [91480.0, 7000.0], [91485.0, 20.0]]}}}
{"jsonrpc": "2.0", "method": "subscription", "params": {"channel": "book.BTC-24JAN25.none.20.100ms", "data": {"timestamp": 1736766748984, "change_id": 84746679623, "instrument_name": "BTC-24JAN25", "bids": [[91602.5, 8800.0], [91600.0, 4500.0], [91597.5, 3300.0], [91595.0, 17730.0], [91592.5, 3300.0], [91590.0, 8080.0], [91587.5, 5500.0], [91585.0, 6340.0], [91580.0, 28290.0], [91577.5, 15500.0], [91575.0, 20.0], [91570.0, 1550.0], [91567.5, 5500.0], [91565.0, 1000.0], [91560.0, 3250.0], [91557.5, 4460.0], [91555.0, 14790.0], [91552.5, 1650.0], [91550.0, 5500.0], [91545.0, 1660.0]], "asks": [[91607.5, 10200.0], [91612.5, 1000.0], [91615.0, 3250.0], [91625.0, 1660.0], [91630.0, 5520.0], [91635.0, 1650.0], [91640.0, 5500.0], [91645.0, 2630.0], [91650.0, 8770.0], [91655.0, 56420.0], [91660.0, 22090.0], [91667.5, 20.0], [91670.0, 1650.0], [91675.0, 5500.0], [91680.0, 1660.0], [91685.0, 5520.0], [91690.0, 1650.0], [91695.0, 5500.0], [91702.5, 1660.0], [91705.0, 5520.0]]}}}
{"jsonrpc": "2.0", "method": "subscription", "params": {"channel": "book.BTC-17JAN25.none.20.100ms", "data": {"timestamp": 1736766749296, "change_id": 84746681218, "instrument_name": "BTC-17JAN25", "bids": [[91412.5, 10120.0], [91410.0, 3120.0], [91407.5, 200.0], [91405.0, 15000.0], [91400.0, 2100.0], [91397.5, 7000.0], [91392.5, 20.0], [91390.0, 15070.0], [91387.5, 44400.0], [91385.0, 7940.0], [91382.5, 3120.0], [91375.0, 2120.0], [91370.0, 7000.0], [91367.5, 600.0], [91365.0, 2000.0], [91360.0, 2110.0], [91357.5, 7000.0], [91355.0, 20.0], [91350.0, 2100.0], [91347.5, 7000.0]], "asks": [[91420.0, 8400.0], [91422.5, 4200.0], [91425.0, 7780.0], [91427.5, 7320.0], [91430.0, 2120.0], [91432.5, 4200.0], [91435.0, 28370.0], [91437.5, 57000.0], [91445.0, 8370.0], [91447.5, 7020.0], [91450.0, 10000.0], [91455.0, 3410.0], [91457.5, 7000.0], [91462.5, 2540.0], [91465.0, 8640.0], [91467.5, 7120.0], [91475.0, 3410.0], [91480.0, 14660.0], [91482.5, 15300.0], [91485.0, 20.0]]}}}
{"jsonrpc": "2.0", "method": "subscription", "params": {"channel": "book.BTC-24JAN25.none.20.100ms", "data": {"timestamp": 1736766749339, "change_id": 84746681222, "instrument_name": "BTC-24JAN25", "bids": [[91605.0, 18300.0], [91602.5, 8800.0], [91600.0, 1840.0], [91597.5, 6550.0], [91595.0, 4760.0], [91592.5, 3300.0], [91590.0, 14830.0], [91587.5, 5500.0], [91585.0, 6340.0], [91580.0, 24620.0], [91577.5, 5500.0], [91575.0, 20.0], [91570.0, 1550.0], [91567.5, 5500.0], [91565.0, 1000.0], [91560.0, 3250.0], [91557.5, 4460.0], [91555.0, 14790.0], [91552.5, 1650.0], [91550.0, 6100.0]], "asks": [[91607.5, 200.0], [91612.5, 20.0], [91622.5, 5000.0], [91625.0, 14320.0], [91627.5, 8750.0], [91630.0, 20.0], [91635.0, 2680.0], [91640.0, 30500.0], [91642.5, 50000.0], [91647.5, 4390.0], [91650.0, 8770.0], [91655.0, 2760.0], [91660.0, 5520.0], [91667.5, 20.0], [91670.0, 2680.0], [91675.0, 5500.0], [91680.0, 2690.0], [91685.0, 5520.0], [91690.0, 2680.0], [91695.0, 5500.0]]}}}
{"jsonrpc": "2.0", "method": "subscription", "params": {"channel": "book.BTC-17JAN25.none.20.100ms", "data": {"timestamp": 1736766749448, "change_id": 84746681424, "instrument_name": "BTC-17JAN25", "bids": [[91415.0, 20820.0], [91412.5, 7000.0], [91407.5, 200.0], [91405.0, 15940.0], [91402.5, 3120.0], [91400.0, 2100.0], [91397.5, 7000.0], [91392.5, 20.0], [91390.0, 15070.0], [91387.5, 44400.0], [91385.0, 7940.0], [91382.5, 3120.0], [91375.0, 2120.0], [91370.0, 7000.0], [91367.5, 600.0], [91365.0, 2000.0], [91360.0, 2110.0], [91357.5, 7000.0], [91355.0, 20.0], [91350.0, 2100.0]], "asks": [[91420.0, 4200.0], [91422.5, 4200.0], [91425.0, 7780.0], [91427.5, 7320.0], [91430.0, 2120.0], [91432.5, 4200.0], [91435.0, 28370.0], [91437.5, 57000.0], [91445.0, 8370.0], [91447.5, 7020.0], [91450.0, 10000.0], [91455.0, 3410.0], [91457.5, 7000.0], [91462.5, 2540.0], [91465.0, 8640.0], [91467.5, 7120.0], [91475.0, 3410.0], [91480.0, 14660.0], [91482.5, 15300.0], [91485.0, 20.0]]}}}
{"jsonrpc": "2.0", "method": "subscription", "params": {"channel": "book.BTC-24JAN25.none.20.100ms", "data": {"timestamp": 1736766749674, "change_id": 84746681749, "instrument_name": "BTC-24JAN25", "bids": [[91607.5, 8790.0], [91605.0, 20940.0], [91602.5, 8800.0], [91600.0, 1840.0], [91597.5, 6550.0], [91595.0, 4760.0], [91592.5, 3300.0], [91590.0, 14830.0], [91587.5, 5500.0], [91585.0, 6340.0], [91580.0, 24620.0], [91577.5, 5500.0], [91575.0, 20.0], [91570.0, 1550.0], [91567.5, 5500.0], [91565.0, 1000.0], [91560.0, 3250.0], [91557.5, 4460.0], [91555.0, 14790.0], [91552.5, 1650.0]], "asks": [[91612.5, 220.0], [91617.5, 1630.0], [91620.0, 3250.0], [91622.5, 5000.0], [91625.0, 10000.0], [91630.0, 20.0], [91635.0, 27640.0], [91637.5, 50000.0], [91640.0, 5500.0], [91647.5, 4390.0], [91650.0, 16910.0], [91652.5, 16280.0], [91655.0, 2760.0], [91660.0, 5520.0], [91667.5, 20.0], [91670.0, 2680.0], [91675.0, 5500.0], [91680.0, 2690.0], [91685.0, 5520.0], [91690.0, 2680.0]]}}}
{"jsonrpc": "2.0", "method": "subscription", "params": {"channel": "book.BTC-17JAN25.none.20.100ms", "data": {"timestamp": 1736766750010, "change_id": 84746682098, "instrument_name": "BTC-17JAN25", "bids": [[91415.0, 35820.0], [91412.5, 7000.0], [91407.5, 200.0], [91405.0, 940.0], [91402.5, 3120.0], [91400.0, 2100.0], [91397.5, 7000.0], [91392.5, 20.0], [91390.0, 15070.0], [91387.5, 44400.0], [91385.0, 7940.0], [91382.5, 3120.0], [91375.0, 2120.0], [91370.0, 7000.0], [91367.5, 600.0], [91365.0, 2000.0], [91360.0, 2110.0], [91357.5, 7000.0], [91355.0, 20.0], [91350.0, 2100.0]], "asks": [[91425.0, 3580.0], [91427.5, 7320.0], [91430.0, 2120.0], [91432.5, 4200.0], [91440.0, 25000.0], [91442.5, 50000.0], [91445.0, 8370.0], [91447.5, 7020.0], [91450.0, 10000.0], [91455.0, 3410.0], [91457.5, 7000.0], [91462.5, 2540.0], [91465.0, 8640.0], [91467.5, 7120.0], [91475.0, 3410.0], [91480.0, 14660.0], [91482.5, 15300.0], [91485.0, 20.0], [91490.0, 3390.0], [91495.0, 34450.0]]}}}
{"jsonrpc": "2.0", "method": "subscription", "params": {"channel": "book.BTC-24JAN25.none.20.100ms", "data": {"timestamp": 1736766749982, "change_id": 84746682049, "instrument_name": "BTC-24JAN25", "bids": [[91607.5, 3300.0], [91605.0, 20940.0], [91602.5, 8800.0], [91600.0, 1840.0], [91597.5, 6550.0], [91595.0, 4760.0], [91592.5, 3300.0], [91590.0, 14830.0], [91587.5, 5500.0], [91585.0, 6340.0], [91580.0, 24620.0], [91577.5, 5500.0], [91575.0, 20.0], [91570.0, 1550.0], [91567.5, 5500.0], [91565.0, 1000.0], [91560.0, 3250.0], [91557.5, 4460.0], [91555.0, 14790.0], [91552.5, 1650.0]], "asks": [[91612.5, 220.0], [91617.5, 1630.0], [91620.0, 3250.0], [91622.5, 5000.0], [91625.0, 10000.0], [91630.0, 20.0], [91635.0, 27640.0], [91637.5, 50000.0], [91640.0, 5500.0], [91647.5, 4390.0], [91650.0, 16910.0], [91652.5, 16280.0], [91655.0, 2760.0], [91660.0, 5520.0], [91667.5, 20.0], [91670.0, 2680.0], [91675.0, 5500.0], [91680.0, 2690.0], [91685.0, 5520.0], [91690.0, 2680.0]]}}}
{"jsonrpc": "2.0", "method": "subscription", "params": {"channel": "book.BTC-17JAN25.none.20.100ms", "data": {"timestamp": 1736766750260, "change_id": 84746682603, "instrument_name": "BTC-17JAN25", "bids": [[91420.0, 7000.0], [91417.5, 14000.0], [91415.0, 15000.0], [91410.0, 3120.0], [91407.5, 7320.0], [91405.0, 10000.0], [91400.0, 2100.0], [91397.5, 7000.0], [91392.5, 20.0], [91390.0, 15070.0], [91387.5, 44400.0], [91385.0, 7940.0], [91382.5, 3120.0], [91375.0, 2120.0], [91370.0, 7000.0], [91367.5, 600.0], [91365.0, 2000.0], [91360.0, 2110.0], [91357.5, 7000.0], [91355.0, 20.0]], "asks": [[91430.0, 20.0], [91432.5, 4200.0], [91435.0, 3120.0], [91445.0, 33160.0], [91447.5, 57020.0], [91450.0, 10000.0], [91455.0, 3410.0], [91457.5, 7000.0], [91462.5, 2540.0], [91465.0, 8640.0], [91467.5, 7120.0], [91475.0, 3410.0], [91480.0, 14660.0], [91482.5, 15300.0], [91485.0, 20.0], [91490.0, 3390.0], [91495.0, 34450.0], [91497.5, 55360.0], [91502.5, 20.0], [91510.0, 3410.0]]}}}
{"jsonrpc": "2.0", "method": "subscription", "params": {"channel": "book.BTC-24JAN25.none.20.100ms", "data": {"timestamp": 1736766750282, "change_id": 84746682627, "instrument_name": "BTC-24JAN25", "bids": [[91607.5, 3300.0], [91605.0, 24190.0], [91602.5, 8800.0], [91600.0, 990.0], [91597.5, 3300.0], [91595.0, 4760.0], [91592.5, 3300.0], [91590.0, 14830.0], [91587.5, 5500.0], [91585.0, 28070.0], [91582.5, 73260.0], [91580.0, 24620.0], [91577.5, 5500.0], [91575.0, 20.0], [91570.0, 1550.0], [91567.5, 5500.0], [91565.0, 1000.0], [91560.0, 3250.0], [91557.5, 4460.0], [91555.0, 14790.0]], "asks": [[91612.5, 20.0], [91625.0, 1640.0], [91627.5, 3250.0], [91630.0, 20.0], [91635.0, 7640.0], [91637.5, 10000.0], [91640.0, 5500.0], [91645.0, 29390.0], [91647.5, 50000.0], [91650.0, 8770.0], [91655.0, 2760.0], [91660.0, 5520.0], [91667.5, 8270.0], [91670.0, 19170.0], [91675.0, 5500.0], [91680.0, 2690.0], [91685.0, 5520.0], [91690.0, 2680.0], [91695.0, 5500.0], [91702.5, 2690.0]]}}}
{"jsonrpc": "2.0", "method": "subscription", "params": {"channel": "book.BTC-17JAN25.none.20.100ms", "data": {"timestamp": 1736766750657, "change_id": 84746683045, "instrument_name": "BTC-17JAN25", "bids": [[91420.0, 7120.0], [91415.0, 15000.0], [91410.0, 3120.0], [91407.5, 17000.0], [91400.0, 2100.0], [91397.5, 7000.0], [91392.5, 21950.0], [91390.0, 88180.0], [91387.5, 44400.0], [91385.0, 7940.0], [91382.5, 3120.0], [91375.0, 2120.0], [91370.0, 7000.0], [91367.5, 600.0], [91365.0, 2000.0], [91360.0, 2110.0], [91357.5, 7000.0], [91355.0, 20.0], [91350.0, 2100.0], [91347.5, 7000.0]], "asks": [[91430.0, 7880.0], [91432.5, 4200.0], [91435.0, 3120.0], [91445.0, 33160.0], [91447.5, 57020.0], [91450.0, 10000.0], [91455.0, 3410.0], [91457.5, 7000.0], [91462.5, 2540.0], [91465.0, 8640.0], [91467.5, 7000.0], [91475.0, 3410.0], [91480.0, 14780.0], [91482.5, 15300.0], [91485.0, 20.0], [91490.0, 3390.0], [91495.0, 34450.0], [91497.5, 55360.0], [91502.5, 20.0], [91510.0, 3410.0]]}}}
{"jsonrpc": "2.0", "method": "subscription", "params": {"channel": "book.BTC-24JAN25.none.20.100ms", "data": {"timestamp": 1736766750470, "change_id": 84746682799, "instrument_name": "BTC-24JAN25", "bids": [[91607.5, 3300.0], [91605.0, 24190.0], [91602.5, 8800.0], [91600.0, 990.0], [91597.5, 3300.0], [91595.0, 4760.0], [91592.5, 3300.0], [91590.0, 14830.0], [91587.5, 5500.0], [91585.0, 28070.0], [91582.5, 73260.0], [91580.0, 24620.0], [91577.5, 5500.0], [91575.0, 20.0], [91570.0, 1550.0], [91567.5, 5500.0], [91565.0, 1000.0], [91560.0, 3250.0], [91557.5, 4460.0], [91555.0, 14790.0]], "asks": [[91612.5, 20.0], [91625.0, 1640.0], [91627.5, 3250.0], [91630.0, 20.0], [91635.0, 7640.0], [91637.5, 10000.0], [91640.0, 5500.0], [91645.0, 29390.0], [91647.5, 50000.0], [91650.0, 8770.0], [91655.0, 2760.0], [91660.0, 5520.0], [91667.5, 8270.0], [91670.0, 19170.0], [91675.0, 5500.0], [91680.0, 2690.0], [91685.0, 5520.0], [91690.0, 2680.0], [91695.0, 5500.0], [91702.5, 2690.0]]}}}
{"jsonrpc": "2.0", "method": "subscription", "params": {"channel": "book.BTC-17JAN25.none.20.100ms", "data": {"timestamp": 1736766750901, "change_id": 84746683314, "instrument_name": "BTC-17JAN25", "bids": [[91420.0, 17120.0], [91415.0, 15000.0], [91410.0, 3120.0], [91407.5, 7000.0], [91400.0, 2100.0], [91397.5, 7000.0], [91392.5, 21950.0], [91390.0, 88180.0], [91387.5, 44400.0], [91385.0, 7940.0], [91382.5, 3120.0], [91375.0, 2120.0], [91370.0, 7000.0], [91367.5, 600.0], [91365.0, 2000.0], [91360.0, 2110.0], [91357.5, 7000.0], [91355.0, 20.0], [91350.0, 2100.0], [91347.5, 7000.0]], "asks": [[91427.5, 4200.0], [91430.0, 7880.0], [91432.5, 4200.0], [91435.0, 3120.0], [91445.0, 33160.0], [91447.5, 57020.0], [91450.0, 10000.0], [91455.0, 3410.0], [91457.5, 7000.0], [91460.0, 2570.0], [91465.0, 8640.0], [91467.5, 7120.0], [91475.0, 3410.0], [91480.0, 14660.0], [91482.5, 15300.0], [91485.0, 20.0], [91490.0, 3390.0], [91495.0, 34450.0], [91497.5, 55360.0], [91502.5, 20.0]]}}}
{"jsonrpc": "2.0", "method": "subscription", "params": {"channel": "book.BTC-24JAN25.none.20.100ms", "data": {"timestamp": 1736766750890, "change_id": 84746683305, "instrument_name": "BTC-24JAN25", "bids": [[91607.5, 9770.0], [91605.0, 24190.0], [91602.5, 8800.0], [91600.0, 990.0], [91597.5, 3300.0], [91595.0, 4760.0], [91592.5, 3300.0], [91590.0, 14830.0], [91587.5, 5500.0], [91585.0, 28070.0], [91582.5, 73260.0], [91580.0, 9010.0], [91577.5, 5500.0], [91575.0, 4820.0], [91572.5, 16000.0], [91570.0, 1550.0], [91567.5, 5500.0], [91565.0, 1000.0], [91560.0, 3250.0], [91557.5, 4460.0]], "asks": [[91612.5, 20.0], [91625.0, 1640.0], [91627.5, 3250.0], [91630.0, 20.0], [91635.0, 7640.0], [91637.5, 10000.0], [91640.0, 5500.0], [91645.0, 29390.0], [91647.5, 50000.0], [91650.0, 8770.0], [91655.0, 2760.0], [91660.0, 5520.0], [91667.5, 8270.0], [91670.0, 19170.0], [91675.0, 5500.0], [91680.0, 2690.0], [91685.0, 5520.0], [91690.0, 2680.0], [91695.0, 5500.0], [91702.5, 2690.0]]}}}
{"jsonrpc": "2.0", "method": "subscription", "params": {"channel": "book.BTC-17JAN25.none.20.100ms", "data": {"timestamp": 1736766751313, "change_id": 84746684396, "instrument_name": "BTC-17JAN25", "bids": [[91422.5, 31140.0], [91420.0, 14000.0], [91415.0, 15000.0], [91412.5, 940.0], [91410.0, 5220.0], [91407.5, 7000.0], [91400.0, 2100.0], [91397.5, 7000.0], [91392.5, 21950.0], [91390.0, 75210.0], [91385.0, 7940.0], [91382.5, 3120.0], [91375.0, 2120.0], [91370.0, 7000.0], [91367.5, 600.0], [91365.0, 2000.0], [91360.0, 2110.0], [91357.5, 7000.0], [91355.0, 20.0], [91350.0, 2100.0]], "asks": [[91430.0, 20.0], [91445.0, 25010.0], [91447.5, 50020.0], [91455.0, 3410.0], [91457.5, 7000.0], [91465.0, 8370.0], [91467.5, 7000.0], [91470.0, 10000.0], [91475.0, 3410.0], [91480.0, 7000.0], [91485.0, 20.0], [91490.0, 4480.0], [91495.0, 14620.0], [91497.5, 11240.0], [91502.5, 20.0], [91510.0, 3410.0], [91512.5, 7000.0], [91517.5, 44120.0], [91520.0, 3430.0], [91522.5, 7000.0]]}}}
{"jsonrpc": "2.0", "method": "subscription", "params": {"channel": "book.BTC-24JAN25.none.20.100ms", "data": {"timestamp": 1736766751331, "change_id": 84746684378, "instrument_name": "BTC-24JAN25", "bids": [[91610.0, 5800.0], [91607.5, 15270.0], [91605.0, 24190.0], [91602.5, 8800.0], [91600.0, 990.0], [91597.5, 3300.0], [91595.0, 1780.0], [91592.5, 3300.0], [91590.0, 7820.0], [91587.5, 5500.0], [91585.0, 28070.0], [91582.5, 73260.0], [91580.0, 1660.0], [91577.5, 5500.0], [91575.0, 4820.0], [91572.5, 16000.0], [91570.0, 1550.0], [91567.5, 5500.0], [91565.0, 1000.0], [91560.0, 3250.0]], "asks": [[91612.5, 20.0], [91630.0, 20.0], [91645.0, 29390.0], [91647.5, 50000.0], [91650.0, 20.0], [91655.0, 2760.0], [91660.0, 5520.0], [91667.5, 20.0], [91670.0, 2680.0], [91675.0, 5500.0], [91680.0, 2690.0], [91685.0, 5520.0], [91690.0, 2680.0], [91695.0, 5500.0], [91702.5, 2690.0], [91705.0, 5520.0], [91715.0, 2680.0], [91720.0, 5500.0], [91722.5, 20.0], [91725.0, 2680.0]]}}}
{"jsonrpc": "2.0", "method": "subscription", "params": {"channel": "book.BTC-17JAN25.none.20.100ms", "data": {"timestamp": 1736766751463, "change_id": 84746686345, "instrument_name": "BTC-17JAN25", "bids": [[91427.5, 36320.0], [91425.0, 7320.0], [91422.5, 7000.0], [91420.0, 7000.0], [91412.5, 940.0], [91410.0, 5220.0], [91407.5, 7000.0], [91402.5, 13320.0], [91400.0, 46500.0], [91397.5, 7000.0], [91392.5, 21950.0], [91390.0, 75210.0], [91385.0, 7000.0], [91375.0, 2120.0], [91370.0, 7000.0], [91367.5, 600.0], [91365.0, 2000.0], [91360.0, 2110.0], [91357.5, 7000.0], [91355.0, 20.0]], "asks": [[91430.0, 20.0], [91447.5, 3140.0], [91450.0, 2100.0], [91452.5, 4200.0], [91455.0, 3410.0], [91457.5, 7000.0], [91462.5, 25010.0], [91465.0, 61490.0], [91467.5, 7000.0], [91470.0, 10000.0], [91477.5, 3500.0], [91480.0, 7000.0], [91485.0, 20.0], [91490.0, 4480.0], [91495.0, 14620.0], [91497.5, 11240.0], [91500.0, 7660.0], [91502.5, 15320.0], [91510.0, 3410.0], [91512.5, 7000.0]]}}}
{"jsonrpc": "2.0", "method": "subscription", "params": {"channel": "book.BTC-24JAN25.none.20.100ms", "data": {"timestamp": 1736766751567, "change_id": 84746686006, "instrument_name": "BTC-24JAN25", "bids": [[91610.0, 15800.0], [91607.5, 15270.0], [91605.0, 24190.0], [91602.5, 8800.0], [91600.0, 990.0], [91597.5, 3300.0], [91595.0, 2650.0], [91592.5, 3300.0], [91590.0, 10210.0], [91587.5, 5500.0], [91585.0, 35420.0], [91582.5, 73260.0], [91580.0, 1660.0], [91577.5, 5500.0], [91575.0, 8660.0], [91572.5, 30790.0], [91570.0, 1550.0], [91567.5, 5500.0], [91565.0, 20.0], [91557.5, 20.0]], "asks": [[91612.5, 20.0], [91630.0, 20.0], [91640.0, 1630.0], [91642.5, 3250.0], [91650.0, 20.0], [91652.5, 5000.0], [91655.0, 12760.0], [91660.0, 30520.0], [91662.5, 50000.0], [91667.5, 20.0], [91672.5, 2750.0], [91675.0, 5500.0], [91677.5, 1630.0], [91680.0, 5940.0], [91685.0, 5520.0], [91690.0, 2680.0], [91695.0, 5500.0], [91702.5, 2690.0], [91705.0, 5520.0], [91715.0, 10470.0]]}}}
{"jsonrpc": "2.0", "method": "subscription", "params": {"channel": "book.BTC-17JAN25.none.20.100ms", "data": {"timestamp": 1736766751991, "change_id": 84746687260, "instrument_name": "BTC-17JAN25", "bids": [[91427.5, 32120.0], [91422.5, 7000.0], [91420.0, 7000.0], [91417.5, 3120.0], [91410.0, 2100.0], [91407.5, 7000.0], [91402.5, 13320.0], [91400.0, 46500.0], [91397.5, 7000.0], [91392.5, 20.0], [91390.0, 2100.0], [91385.0, 7940.0], [91382.5, 3120.0], [91375.0, 2120.0], [91370.0, 7000.0], [91367.5, 600.0], [91365.0, 2000.0], [91360.0, 2110.0], [91357.5, 7000.0], [91355.0, 20.0]], "asks": [[91430.0, 20.0], [91437.5, 1560.0], [91440.0, 3120.0], [91447.5, 20.0], [91450.0, 2100.0], [91452.5, 4200.0], [91455.0, 3410.0], [91457.5, 7000.0], [91462.5, 25010.0], [91465.0, 61490.0], [91467.5, 7000.0], [91470.0, 10000.0], [91477.5, 3500.0], [91480.0, 7000.0], [91485.0, 20.0], [91490.0, 4480.0], [91495.0, 14620.0], [91497.5, 11240.0], [91500.0, 7660.0], [91502.5, 15320.0]]}}}
{"jsonrpc": "2.0", "method": "subscription", "params": {"channel": "book.BTC-24JAN25.none.20.100ms", "data": {"timestamp": 1736766751990, "change_id": 84746687251, "instrument_name": "BTC-24JAN25", "bids": [[91610.0, 15800.0], [91607.5, 15270.0], [91605.0, 24190.0], [91602.5, 8800.0], [91600.0, 990.0], [91597.5, 3300.0], [91595.0, 2650.0], [91592.5, 3300.0], [91590.0, 10210.0], [91587.5, 5500.0], [91585.0, 7350.0], [91580.0, 1660.0], [91577.5, 5500.0], [91575.0, 4820.0], [91572.5, 14790.0], [91570.0, 6350.0], [91567.5, 5500.0], [91565.0, 16320.0], [91557.5, 20.0], [91552.5, 1650.0]], "asks": [[91612.5, 20.0], [91630.0, 20.0], [91632.5, 1630.0], [91635.0, 3250.0], [91640.0, 2680.0], [91642.5, 5500.0], [91650.0, 30020.0], [91652.5, 50000.0], [91655.0, 12760.0], [91660.0, 5520.0], [91667.5, 20.0], [91672.5, 10720.0], [91675.0, 21660.0], [91677.5, 1630.0], [91680.0, 5940.0], [91685.0, 5520.0], [91690.0, 2680.0], [91695.0, 5500.0], [91702.5, 2690.0], [91705.0, 5520.0]]}}}
{"jsonrpc": "2.0", "method": "subscription", "params": {"channel": "book.BTC-17JAN25.none.20.100ms", "data": {"timestamp": 1736766752296, "change_id": 84746688845, "instrument_name": "BTC-17JAN25", "bids": [[91415.0, 1170.0], [91412.5, 3900.0], [91410.0, 7860.0], [91407.5, 16820.0], [91405.0, 15000.0], [91402.5, 940.0], [91400.0, 5220.0], [91397.5, 7000.0], [91392.5, 3140.0], [91390.0, 25160.0], [91387.5, 44400.0], [91385.0, 7940.0], [91382.5, 3120.0], [91375.0, 2120.0], [91370.0, 7000.0], [91367.5, 600.0], [91365.0, 2000.0], [91360.0, 2110.0], [91357.5, 7000.0], [91355.0, 20.0]], "asks": [[91420.0, 7000.0], [91422.5, 7320.0], [91425.0, 16720.0], [91427.5, 4200.0], [91430.0, 7020.0], [91435.0, 28500.0], [91437.5, 50000.0], [91440.0, 7000.0], [91447.5, 20.0], [91450.0, 2100.0], [91452.5, 4200.0], [91455.0, 8360.0], [91457.5, 7000.0], [91460.0, 10000.0], [91462.5, 1570.0], [91465.0, 6640.0], [91467.5, 7000.0], [91470.0, 120.0], [91477.5, 3500.0], [91480.0, 14660.0]]}}}
{"jsonrpc": "2.0", "method": "subscription", "params": {"channel": "book.BTC-24JAN25.none.20.100ms", "data": {"timestamp": 1736766752269, "change_id": 84746688662, "instrument_name": "BTC-24JAN25", "bids": [[91607.5, 9770.0], [91605.0, 19290.0], [91602.5, 3300.0], [91600.0, 2520.0], [91597.5, 8800.0], [91595.0, 1840.0], [91592.5, 6550.0], [91590.0, 3660.0], [91587.5, 5500.0], [91585.0, 7350.0], [91580.0, 4450.0], [91577.5, 5500.0], [91575.0, 14820.0], [91572.5, 14790.0], [91570.0, 1550.0], [91567.5, 5500.0], [91565.0, 20.0], [91562.5, 980.0], [91560.0, 3250.0], [91557.5, 20.0]], "asks": [[91612.5, 20.0], [91615.0, 1630.0], [91617.5, 3250.0], [91630.0, 2770.0], [91632.5, 5500.0], [91640.0, 7640.0], [91642.5, 5500.0], [91645.0, 36640.0], [91647.5, 50000.0], [91650.0, 3270.0], [91655.0, 2760.0], [91660.0, 5520.0], [91667.5, 20.0], [91672.5, 2750.0], [91675.0, 5500.0], [91680.0, 2690.0], [91685.0, 13550.0], [91687.5, 16060.0], [91690.0, 2680.0], [91695.0, 5500.0]]}}}
{"jsonrpc": "2.0", "method": "subscription", "params": {"channel": "book.BTC-17JAN25.none.20.100ms", "data": {"timestamp": 1736766752651, "change_id": 84746689627, "instrument_name": "BTC-17JAN25", "bids": [[91415.0, 23280.0], [91412.5, 3600.0], [91410.0, 940.0], [91407.5, 3120.0], [91405.0, 3000.0], [91402.5, 10120.0], [91400.0, 2100.0], [91397.5, 7000.0], [91392.5, 20.0], [91390.0, 15160.0], [91387.5, 44400.0], [91385.0, 7940.0], [91382.5, 3120.0], [91375.0, 2120.0], [91370.0, 7000.0], [91367.5, 600.0], [91365.0, 2000.0], [91360.0, 2110.0], [91357.5, 7000.0], [91355.0, 20.0]], "asks": [[91420.0, 11900.0], [91422.5, 4200.0], [91425.0, 14870.0], [91427.5, 4200.0], [91430.0, 3140.0], [91435.0, 28500.0], [91437.5, 50000.0], [91440.0, 7000.0], [91447.5, 5020.0], [91450.0, 10000.0], [91455.0, 3500.0], [91457.5, 7000.0], [91462.5, 1570.0], [91465.0, 6640.0], [91467.5, 7000.0], [91470.0, 120.0], [91477.5, 3500.0], [91480.0, 14660.0], [91482.5, 15300.0], [91485.0, 20.0]]}}}
{"jsonrpc": "2.0", "method": "subscription", "params": {"channel": "book.BTC-24JAN25.none.20.100ms", "data": {"timestamp": 1736766752576, "change_id": 84746689462, "instrument_name": "BTC-24JAN25", "bids": [[91607.5, 15270.0], [91605.0, 20280.0], [91602.5, 3300.0], [91600.0, 5820.0], [91597.5, 8800.0], [91595.0, 4240.0], [91592.5, 3300.0], [91590.0, 28040.0], [91587.5, 88770.0], [91585.0, 7350.0], [91580.0, 1660.0], [91577.5, 5500.0], [91575.0, 4820.0], [91572.5, 14790.0], [91570.0, 1550.0], [91567.5, 5500.0], [91565.0, 20.0], [91562.5, 980.0], [91560.0, 3250.0], [91557.5, 20.0]], "asks": [[91612.5, 220.0], [91622.5, 1630.0], [91625.0, 3250.0], [91630.0, 7660.0], [91632.5, 5500.0], [91635.0, 10000.0], [91640.0, 27640.0], [91642.5, 55500.0], [91647.5, 1640.0], [91650.0, 3270.0], [91655.0, 2760.0], [91660.0, 5520.0], [91667.5, 20.0], [91672.5, 2750.0], [91675.0, 5500.0], [91680.0, 2690.0], [91685.0, 13550.0], [91687.5, 16060.0], [91690.0, 2680.0], [91695.0, 5500.0]]}}}
{"jsonrpc": "2.0", "method": "subscription", "params": {"channel": "book.BTC-17JAN25.none.20.100ms", "data": {"timestamp": 1736766752974, "change_id": 84746690019, "instrument_name": "BTC-17JAN25", "bids": [[91417.5, 11320.0], [91415.0, 33280.0], [91412.5, 3600.0], [91410.0, 940.0], [91407.5, 3120.0], [91400.0, 2100.0], [91397.5, 7000.0], [91392.5, 21950.0], [91390.0, 88270.0], [91387.5, 44400.0], [91385.0, 7940.0], [91382.5, 3120.0], [91375.0, 2120.0], [91370.0, 7000.0], [91367.5, 600.0], [91365.0, 2000.0], [91360.0, 2110.0], [91357.5, 7000.0], [91355.0, 20.0], [91350.0, 2100.0]], "asks": [[91425.0, 4200.0], [91427.5, 4200.0], [91430.0, 3140.0], [91435.0, 28500.0], [91437.5, 50000.0], [91440.0, 7000.0], [91447.5, 5020.0], [91450.0, 10000.0], [91455.0, 3500.0], [91457.5, 7000.0], [91462.5, 1570.0], [91465.0, 6640.0], [91467.5, 7000.0], [91470.0, 120.0], [91477.5, 3500.0], [91480.0, 14660.0], [91482.5, 15300.0], [91485.0, 20.0], [91490.0, 25410.0], [91495.0, 56740.0]]}}}
{"jsonrpc": "2.0", "method": "subscription", "params": {"channel": "book.BTC-17JAN25.none.20.100ms", "data": {"timestamp": 1736766753178, "change_id": 84746690827, "instrument_name": "BTC-17JAN25", "bids": [[91417.5, 31440.0], [91415.0, 23280.0], [91412.5, 3600.0], [91400.0, 2100.0], [91397.5, 7000.0], [91392.5, 21950.0], [91390.0, 88270.0], [91387.5, 44400.0], [91385.0, 7940.0], [91382.5, 3120.0], [91375.0, 2120.0], [91370.0, 7000.0], [91367.5, 600.0], [91365.0, 2000.0], [91360.0, 2110.0], [91357.5, 7000.0], [91355.0, 20.0], [91350.0, 2100.0], [91347.5, 7000.0], [91340.0, 2110.0]], "asks": [[91430.0, 20.0], [91437.5, 1560.0], [91440.0, 3120.0], [91447.5, 20.0], [91455.0, 28350.0], [91457.5, 7000.0], [91460.0, 56570.0], [91462.5, 10000.0], [91465.0, 6640.0], [91467.5, 7000.0], [91470.0, 1120.0], [91472.5, 2000.0], [91477.5, 3500.0], [91480.0, 14660.0], [91482.5, 15300.0], [91485.0, 20.0], [91490.0, 25410.0], [91495.0, 56740.0], [91497.5, 11240.0], [91502.5, 20.0]]}}}
{"jsonrpc": "2.0", "method": "subscription", "params": {"channel": "book.BTC-24JAN25.none.20.100ms", "data": {"timestamp": 1736766753209, "change_id": 84746690742, "instrument_name": "BTC-24JAN25", "bids": [[91610.0, 3250.0], [91607.5, 15270.0], [91605.0, 20280.0], [91602.5, 3300.0], [91600.0, 5820.0], [91597.5, 8800.0], [91595.0, 5600.0], [91592.5, 19070.0], [91590.0, 28040.0], [91587.5, 88770.0], [91585.0, 7350.0], [91580.0, 1660.0], [91577.5, 5500.0], [91575.0, 4820.0], [91572.5, 14790.0], [91570.0, 1550.0], [91567.5, 5500.0], [91565.0, 20.0], [91562.5, 980.0], [91560.0, 3250.0]], "asks": [[91612.5, 20.0], [91630.0, 20.0], [91632.5, 1420.0], [91635.0, 3250.0], [91640.0, 2680.0], [91642.5, 5500.0], [91645.0, 26640.0], [91647.5, 60000.0], [91650.0, 3270.0], [91655.0, 2760.0], [91660.0, 5520.0], [91667.5, 20.0], [91672.5, 2750.0], [91675.0, 5500.0], [91680.0, 2690.0], [91685.0, 5520.0], [91690.0, 2680.0], [91695.0, 5500.0], [91702.5, 2690.0], [91705.0, 5520.0]]}}}
{"jsonrpc": "2.0", "method": "subscription", "params": {"channel": "book.BTC-17JAN25.none.20.100ms", "data": {"timestamp": 1736766753588, "change_id": 84746691283, "instrument_name": "BTC-17JAN25", "bids": [[91417.5, 20240.0], [91415.0, 23280.0], [91400.0, 2100.0], [91397.5, 7000.0], [91392.5, 21950.0], [91390.0, 88270.0], [91387.5, 44400.0], [91385.0, 7940.0], [91382.5, 3120.0], [91375.0, 2120.0], [91370.0, 7000.0], [91367.5, 600.0], [91365.0, 2000.0], [91360.0, 2110.0], [91357.5, 7000.0], [91355.0, 20.0], [91350.0, 2100.0], [91347.5, 7000.0], [91340.0, 2110.0], [91337.5, 7020.0]], "asks": [[91430.0, 20.0], [91437.5, 1560.0], [91440.0, 3120.0], [91445.0, 3510.0], [91447.5, 7020.0], [91455.0, 28350.0], [91457.5, 7000.0], [91460.0, 56570.0], [91462.5, 10000.0], [91465.0, 6640.0], [91467.5, 7000.0], [91470.0, 1120.0], [91472.5, 2000.0], [91477.5, 3500.0], [91480.0, 14660.0], [91482.5, 15300.0], [91485.0, 20.0], [91490.0, 25410.0], [91495.0, 56740.0], [91497.5, 11240.0]]}}}
{"jsonrpc": "2.0", "method": "subscription", "params": {"channel": "book.BTC-24JAN25.none.20.100ms", "data": {"timestamp": 1736766753550, "change_id": 84746691213, "instrument_name": "BTC-24JAN25", "bids": [[91610.0, 3250.0], [91607.5, 13300.0], [91605.0, 16980.0], [91602.5, 3300.0], [91600.0, 5820.0], [91597.5, 8800.0], [91595.0, 5600.0], [91592.5, 19070.0], [91590.0, 28040.0], [91587.5, 88770.0], [91585.0, 7350.0], [91580.0, 1660.0], [91577.5, 5500.0], [91575.0, 4820.0], [91572.5, 14790.0], [91570.0, 1550.0], [91567.5, 5500.0], [91565.0, 20.0], [91562.5, 980.0], [91560.0, 3250.0]], "asks": [[91612.5, 20.0], [91630.0, 20.0], [91632.5, 1420.0], [91635.0, 3250.0], [91640.0, 2680.0], [91642.5, 5500.0], [91645.0, 26640.0], [91647.5, 60000.0], [91650.0, 3270.0], [91655.0, 10850.0], [91660.0, 21920.0], [91667.5, 20.0], [91672.5, 2750.0], [91675.0, 5500.0], [91680.0, 2690.0], [91685.0, 5520.0], [91690.0, 2680.0], [91695.0, 5500.0], [91702.5, 2690.0], [91705.0, 5520.0]]}}}
{"jsonrpc": "2.0", "method": "subscription", "params": {"channel": "book.BTC-17JAN25.none.20.100ms", "data": {"timestamp": 1736766753750, "change_id": 84746691504, "instrument_name": "BTC-17JAN25", "bids": [[91422.5, 21320.0], [91420.0, 18200.0], [91417.5, 7540.0], [91415.0, 16280.0], [91400.0, 2100.0], [91397.5, 7000.0], [91392.5, 20.0], [91390.0, 15160.0], [91387.5, 44400.0], [91385.0, 7940.0], [91382.5, 3120.0], [91375.0, 2120.0], [91370.0, 7000.0], [91367.5, 600.0], [91365.0, 2000.0], [91360.0, 2110.0], [91357.5, 7000.0], [91355.0, 20.0], [91350.0, 2100.0], [91347.5, 7000.0]], "asks": [[91430.0, 20.0], [91437.5, 1560.0], [91440.0, 3120.0], [91445.0, 3510.0], [91447.5, 7020.0], [91455.0, 28350.0], [91457.5, 7000.0], [91460.0, 56570.0], [91462.5, 10000.0], [91465.0, 6640.0], [91467.5, 7000.0], [91470.0, 1120.0], [91472.5, 2000.0], [91477.5, 3500.0], [91480.0, 14660.0], [91482.5, 15300.0], [91485.0, 20.0], [91490.0, 25410.0], [91495.0, 56740.0], [91497.5, 11240.0]]}}}
{"jsonrpc": "2.0", "method": "subscription", "params": {"channel": "book.BTC-24JAN25.none.20.100ms", "data": {"timestamp": 1736766753737, "change_id": 84746691492, "instrument_name": "BTC-24JAN25", "bids": [[91610.0, 3250.0], [91607.5, 13300.0], [91605.0, 16980.0], [91602.5, 3300.0], [91600.0, 8630.0], [91597.5, 18800.0], [91595.0, 5600.0], [91592.5, 19070.0], [91590.0, 31290.0], [91587.5, 78770.0], [91585.0, 7350.0], [91580.0, 1660.0], [91577.5, 5500.0], [91575.0, 4820.0], [91572.5, 14790.0], [91570.0, 1550.0], [91567.5, 5500.0], [91565.0, 20.0], [91557.5, 20.0], [91552.5, 1650.0]], "asks": [[91612.5, 20.0], [91630.0, 20.0], [91632.5, 1420.0], [91635.0, 3250.0], [91640.0, 2680.0], [91642.5, 5500.0], [91645.0, 29800.0], [91647.5, 60000.0], [91650.0, 20.0], [91655.0, 10850.0], [91660.0, 21920.0], [91667.5, 20.0], [91672.5, 2750.0], [91675.0, 5500.0], [91677.5, 1630.0], [91680.0, 5940.0], [91685.0, 5520.0], [91690.0, 2680.0], [91695.0, 5500.0], [91702.5, 2690.0]]}}}
{"jsonrpc": "2.0", "method": "subscription", "params": {"channel": "book.BTC-17JAN25.none.20.100ms", "data": {"timestamp": 1736766754290, "change_id": 84746692474, "instrument_name": "BTC-17JAN25", "bids": [[91422.5, 21320.0], [91420.0, 7000.0], [91417.5, 3120.0], [91415.0, 16970.0], [91410.0, 7000.0], [91400.0, 23770.0], [91397.5, 80110.0], [91392.5, 20.0], [91390.0, 15160.0], [91387.5, 44400.0], [91385.0, 7940.0], [91382.5, 3120.0], [91375.0, 2120.0], [91370.0, 7000.0], [91367.5, 600.0], [91365.0, 2000.0], [91360.0, 2110.0], [91357.5, 7000.0], [91355.0, 20.0], [91350.0, 2100.0]], "asks": [[91430.0, 20.0], [91437.5, 1560.0], [91440.0, 3120.0], [91445.0, 3510.0], [91447.5, 7020.0], [91455.0, 28350.0], [91457.5, 7000.0], [91460.0, 56570.0], [91462.5, 10000.0], [91465.0, 6640.0], [91467.5, 7000.0], [91470.0, 1120.0], [91472.5, 2000.0], [91477.5, 3500.0], [91480.0, 14660.0], [91482.5, 15300.0], [91485.0, 20.0], [91490.0, 25410.0], [91495.0, 56740.0], [91497.5, 11240.0]]}}}
{"jsonrpc": "2.0", "method": "subscription", "params": {"channel": "book.BTC-24JAN25.none.20.100ms", "data": {"timestamp": 1736766754256, "change_id": 84746692259, "instrument_name": "BTC-24JAN25", "bids": [[91610.0, 13250.0], [91607.5, 13300.0], [91605.0, 16980.0], [91602.5, 3300.0], [91600.0, 5940.0], [91597.5, 8800.0], [91595.0, 5600.0], [91592.5, 19070.0], [91590.0, 7110.0], [91587.5, 5500.0], [91585.0, 7350.0], [91580.0, 1660.0], [91577.5, 5500.0], [91575.0, 4820.0], [91572.5, 14790.0], [91570.0, 1550.0], [91567.5, 5500.0], [91565.0, 20.0], [91557.5, 20.0], [91552.5, 1650.0]], "asks": [[91612.5, 20.0], [91630.0, 20.0], [91635.0, 3250.0], [91640.0, 2680.0], [91642.5, 5500.0], [91645.0, 29800.0], [91647.5, 60000.0], [91650.0, 20.0], [91655.0, 2760.0], [91660.0, 5520.0], [91667.5, 20.0], [91672.5, 2750.0], [91675.0, 5500.0], [91677.5, 9640.0], [91680.0, 22100.0], [91685.0, 5520.0], [91690.0, 2680.0], [91695.0, 5500.0], [91702.5, 2690.0], [91705.0, 5520.0]]}}}
{"jsonrpc": "2.0", "method": "subscription", "params": {"channel": "book.BTC-17JAN25.none.20.100ms", "data": {"timestamp": 1736766754621, "change_id": 84746693005, "instrument_name": "BTC-17JAN25", "bids": [[91422.5, 10120.0], [91417.5, 3120.0], [91415.0, 16970.0], [91410.0, 7000.0], [91400.0, 2100.0], [91397.5, 7000.0], [91392.5, 20.0], [91390.0, 15160.0], [91387.5, 44400.0], [91385.0, 7940.0], [91382.5, 3120.0], [91375.0, 2120.0], [91370.0, 7000.0], [91367.5, 600.0], [91365.0, 2000.0], [91360.0, 2110.0], [91357.5, 7000.0], [91355.0, 20.0], [91350.0, 2100.0], [91347.5, 7000.0]], "asks": [[91427.5, 11200.0], [91430.0, 1580.0], [91432.5, 3120.0], [91435.0, 3500.0], [91437.5, 7000.0], [91445.0, 3510.0], [91447.5, 7020.0], [91455.0, 28350.0], [91457.5, 7000.0], [91460.0, 56570.0], [91462.5, 10000.0], [91465.0, 6640.0], [91467.5, 7000.0], [91470.0, 1120.0], [91472.5, 2000.0], [91477.5, 3500.0], [91480.0, 14660.0], [91482.5, 15300.0], [91485.0, 20.0], [91490.0, 25410.0]]}}}
{"jsonrpc": "2.0", "method": "subscription", "params": {"channel": "book.BTC-24JAN25.none.20.100ms", "data": {"timestamp": 1736766754630, "change_id": 84746693029, "instrument_name": "BTC-24JAN25", "bids": [[91610.0, 6550.0], [91607.5, 20650.0], [91605.0, 16980.0], [91602.5, 3300.0], [91600.0, 30260.0], [91597.5, 92070.0], [91595.0, 1840.0], [91592.5, 3300.0], [91590.0, 4900.0], [91587.5, 5500.0], [91585.0, 4440.0], [91582.5, 14790.0], [91580.0, 1660.0], [91577.5, 5500.0], [91575.0, 20.0], [91570.0, 1550.0], [91567.5, 5500.0], [91565.0, 20.0], [91557.5, 20.0], [91555.0, 6380.0]], "asks": [[91612.5, 20.0], [91625.0, 1640.0], [91627.5, 3250.0], [91630.0, 2770.0], [91632.5, 5500.0], [91640.0, 2680.0], [91642.5, 5500.0], [91645.0, 29800.0], [91647.5, 60000.0], [91650.0, 3270.0], [91655.0, 2760.0], [91660.0, 5520.0], [91667.5, 20.0], [91672.5, 2750.0], [91675.0, 5500.0], [91677.5, 9640.0], [91680.0, 18850.0], [91685.0, 5520.0], [91690.0, 2680.0], [91695.0, 5500.0]]}}}
{"jsonrpc": "2.0", "method": "subscription", "params": {"channel": "book.BTC-17JAN25.none.20.100ms", "data": {"timestamp": 1736766754939, "change_id": 84746693387, "instrument_name": "BTC-17JAN25", "bids": [[91422.5, 17120.0], [91417.5, 7620.0], [91415.0, 17100.0], [91410.0, 7000.0], [91400.0, 2100.0], [91397.5, 7000.0], [91392.5, 20.0], [91390.0, 15160.0], [91387.5, 44400.0], [91385.0, 7940.0], [91382.5, 3120.0], [91375.0, 2120.0], [91370.0, 7000.0], [91367.5, 600.0], [91365.0, 2000.0], [91360.0, 2110.0], [91357.5, 7000.0], [91355.0, 20.0], [91350.0, 2100.0], [91347.5, 7000.0]], "asks": [[91430.0, 20.0], [91432.5, 3120.0], [91445.0, 3510.0], [91447.5, 7020.0], [91455.0, 3500.0], [91457.5, 7000.0], [91460.0, 31300.0], [91462.5, 10000.0], [91465.0, 56640.0], [91467.5, 7000.0], [91470.0, 1120.0], [91472.5, 2000.0], [91477.5, 3500.0], [91480.0, 14660.0], [91482.5, 15300.0], [91485.0, 20.0], [91490.0, 25410.0], [91495.0, 56740.0], [91497.5, 11240.0], [91502.5, 20.0]]}}}
{"jsonrpc": "2.0", "method": "subscription", "params": {"channel": "book.BTC-24JAN25.none.20.100ms", "data": {"timestamp": 1736766754970, "change_id": 84746693410, "instrument_name": "BTC-24JAN25", "bids": [[91610.0, 6550.0], [91607.5, 20650.0], [91605.0, 16980.0], [91602.5, 3300.0], [91600.0, 30260.0], [91597.5, 92070.0], [91595.0, 1840.0], [91592.5, 3300.0], [91590.0, 4900.0], [91587.5, 5500.0], [91585.0, 4440.0], [91582.5, 14790.0], [91580.0, 1660.0], [91577.5, 5500.0], [91575.0, 20.0], [91570.0, 1550.0], [91567.5, 5500.0], [91565.0, 20.0], [91557.5, 20.0], [91550.0, 6100.0]], "asks": [[91612.5, 20.0], [91625.0, 1640.0], [91627.5, 3250.0], [91630.0, 20.0], [91640.0, 2680.0], [91642.5, 5500.0], [91645.0, 29800.0], [91647.5, 60000.0], [91650.0, 3270.0], [91655.0, 2760.0], [91660.0, 5520.0], [91667.5, 20.0], [91672.5, 2750.0], [91675.0, 5500.0], [91680.0, 2690.0], [91685.0, 5520.0], [91690.0, 10930.0], [91692.5, 16580.0], [91695.0, 5500.0], [91702.5, 2690.0]]}}}
{"jsonrpc": "2.0", "method": "subscription", "params": {"channel": "book.BTC-17JAN25.none.20.100ms", "data": {"timestamp": 1736766754984, "change_id": 84746693425, "instrument_name": "BTC-17JAN25", "bids": [[91422.5, 17120.0], [91417.5, 7620.0], [91415.0, 17100.0], [91410.0, 7000.0], [91402.5, 20570.0], [91400.0, 70660.0], [91397.5, 7000.0], [91392.5, 20.0], [91390.0, 15160.0], [91387.5, 44400.0], [91385.0, 7940.0], [91382.5, 3120.0], [91375.0, 2120.0], [91370.0, 7000.0], [91367.5, 600.0], [91365.0, 2000.0], [91360.0, 2110.0], [91357.5, 7000.0], [91355.0, 20.0], [91350.0, 2100.0]], "asks": [[91430.0, 20.0], [91432.5, 3120.0], [91445.0, 3510.0], [91447.5, 7020.0], [91455.0, 3500.0], [91457.5, 7000.0], [91460.0, 31300.0], [91462.5, 10000.0], [91465.0, 56640.0], [91467.5, 7000.0], [91470.0, 1120.0], [91472.5, 2000.0], [91477.5, 3500.0], [91480.0, 14660.0], [91482.5, 15300.0], [91485.0, 20.0], [91490.0, 25410.0], [91495.0, 56740.0], [91497.5, 11240.0], [91502.5, 20.0]]}}}
{"jsonrpc": "2.0", "method": "subscription", "params": {"channel": "book.BTC-24JAN25.none.20.100ms", "data": {"timestamp": 1736766755248, "change_id": 84746693536, "instrument_name": "BTC-24JAN25", "bids": [[91610.0, 16550.0], [91607.5, 20650.0], [91605.0, 21570.0], [91602.5, 19430.0], [91600.0, 30260.0], [91597.5, 82070.0], [91595.0, 1840.0], [91592.5, 3300.0], [91590.0, 4900.0], [91587.5, 5500.0], [91585.0, 4440.0], [91582.5, 14790.0], [91580.0, 1660.0], [91577.5, 5500.0], [91575.0, 20.0], [91570.0, 1550.0], [91567.5, 5500.0], [91565.0, 20.0], [91557.5, 20.0], [91555.0, 1650.0]], "asks": [[91612.5, 20.0], [91627.5, 3250.0], [91630.0, 20.0], [91640.0, 2680.0], [91642.5, 5500.0], [91645.0, 29800.0], [91647.5, 60000.0], [91650.0, 3270.0], [91655.0, 2760.0], [91660.0, 5520.0], [91667.5, 20.0], [91672.5, 2750.0], [91675.0, 5500.0], [91680.0, 2690.0], [91685.0, 5520.0], [91690.0, 10930.0], [91692.5, 16580.0], [91695.0, 5500.0], [91702.5, 2690.0], [91705.0, 5520.0]]}}}
{"jsonrpc": "2.0", "method": "subscription", "params": {"channel": "book.BTC-17JAN25.none.20.100ms", "data": {"timestamp": 1736766755593, "change_id": 84746693847, "instrument_name": "BTC-17JAN25", "bids": [[91425.0, 36320.0], [91422.5, 11200.0], [91417.5, 3120.0], [91415.0, 2100.0], [91410.0, 7000.0], [91402.5, 31320.0], [91400.0, 115060.0], [91397.5, 7000.0], [91392.5, 20.0], [91390.0, 2100.0], [91385.0, 7940.0], [91382.5, 3120.0], [91375.0, 2120.0], [91370.0, 7000.0], [91367.5, 600.0], [91365.0, 2000.0], [91360.0, 2110.0], [91357.5, 7000.0], [91355.0, 20.0], [91350.0, 2100.0]], "asks": [[91430.0, 20.0], [91437.5, 1560.0], [91440.0, 3120.0], [91445.0, 3510.0], [91447.5, 7020.0], [91455.0, 28350.0], [91457.5, 57000.0], [91460.0, 6570.0], [91462.5, 10000.0], [91465.0, 6640.0], [91467.5, 7000.0], [91470.0, 1120.0], [91472.5, 2000.0], [91477.5, 3500.0], [91480.0, 14660.0], [91482.5, 15300.0], [91485.0, 20.0], [91490.0, 25410.0], [91495.0, 56740.0], [91497.5, 11240.0]]}}}
{"jsonrpc": "2.0", "method": "subscription", "params": {"channel": "book.BTC-24JAN25.none.20.100ms", "data": {"timestamp": 1736766755422, "change_id": 84746693712, "instrument_name": "BTC-24JAN25", "bids": [[91610.0, 16550.0], [91607.5, 20650.0], [91605.0, 21570.0], [91602.5, 19430.0], [91600.0, 30260.0], [91597.5, 82070.0], [91595.0, 980.0], [91590.0, 4900.0], [91587.5, 5500.0], [91585.0, 4440.0], [91582.5, 14790.0], [91580.0, 1660.0], [91577.5, 5500.0], [91575.0, 20.0], [91570.0, 1550.0], [91567.5, 5500.0], [91565.0, 20.0], [91557.5, 20.0], [91555.0, 1650.0], [91550.0, 6100.0]], "asks": [[91612.5, 20.0], [91630.0, 20.0], [91632.5, 1630.0], [91635.0, 3250.0], [91640.0, 2680.0], [91642.5, 5500.0], [91645.0, 29800.0], [91647.5, 60000.0], [91650.0, 3270.0], [91655.0, 2760.0], [91660.0, 5520.0], [91667.5, 20.0], [91672.5, 2750.0], [91675.0, 5500.0], [91680.0, 2690.0], [91685.0, 5520.0], [91690.0, 10930.0], [91692.5, 16580.0], [91695.0, 5500.0], [91702.5, 2690.0]]}}}
{"jsonrpc": "2.0", "method": "subscription", "params": {"channel": "book.BTC-17JAN25.none.20.100ms", "data": {"timestamp": 1736766756172, "change_id": 84746694408, "instrument_name": "BTC-17JAN25", "bids": [[91425.0, 36320.0], [91422.5, 7000.0], [91417.5, 3120.0], [91415.0, 2100.0], [91410.0, 7000.0], [91402.5, 31320.0], [91400.0, 115060.0], [91397.5, 7000.0], [91392.5, 20.0], [91390.0, 2100.0], [91385.0, 7940.0], [91382.5, 3120.0], [91375.0, 2120.0], [91370.0, 7000.0], [91367.5, 600.0], [91365.0, 2000.0], [91360.0, 2110.0], [91357.5, 7000.0], [91355.0, 20.0], [91350.0, 2100.0]], "asks": [[91430.0, 20.0], [91437.5, 1560.0], [91440.0, 3120.0], [91445.0, 3510.0], [91447.5, 7020.0], [91455.0, 28350.0], [91457.5, 57000.0], [91460.0, 6570.0], [91462.5, 10000.0], [91465.0, 6640.0], [91467.5, 7000.0], [91470.0, 1120.0], [91472.5, 2000.0], [91477.5, 3500.0], [91480.0, 14660.0], [91482.5, 15300.0], [91485.0, 20.0], [91490.0, 25410.0], [91495.0, 56740.0], [91497.5, 11240.0]]}}}
{"jsonrpc": "2.0", "method": "subscription", "params": {"channel": "book.BTC-17JAN25.none.20.100ms", "data": {"timestamp": 1736766756498, "change_id": 84746694538, "instrument_name": "BTC-17JAN25", "bids": [[91425.0, 36320.0], [91422.5, 7000.0], [91417.5, 3120.0], [91415.0, 2100.0], [91410.0, 7000.0], [91402.5, 31320.0], [91400.0, 115060.0], [91397.5, 7000.0], [91392.5, 20.0], [91390.0, 2100.0], [91385.0, 7940.0], [91382.5, 3120.0], [91375.0, 2120.0], [91370.0, 7000.0], [91367.5, 600.0], [91365.0, 2000.0], [91360.0, 2110.0], [91357.5, 7000.0], [91355.0, 20.0], [91350.0, 2100.0]], "asks": [[91430.0, 20.0], [91437.5, 1560.0], [91440.0, 5220.0], [91442.5, 4200.0], [91445.0, 3510.0], [91447.5, 7020.0], [91455.0, 28350.0], [91457.5, 57000.0], [91460.0, 6570.0], [91462.5, 10000.0], [91465.0, 6640.0], [91467.5, 7000.0], [91470.0, 1120.0], [91472.5, 2000.0], [91477.5, 3500.0], [91480.0, 14660.0], [91482.5, 15300.0], [91485.0, 20.0], [91490.0, 25410.0], [91495.0, 56740.0]]}}}
{"jsonrpc": "2.0", "method": "subscription", "params": {"channel": "book.BTC-17JAN25.none.20.100ms", "data": {"timestamp": 1736766756908, "change_id": 84746694973, "instrument_name": "BTC-17JAN25", "bids": [[91425.0, 25120.0], [91417.5, 3120.0], [91415.0, 2100.0], [91410.0, 7000.0], [91402.5, 10750.0], [91400.0, 46500.0], [91397.5, 7000.0], [91392.5, 20.0], [91390.0, 2100.0], [91385.0, 7940.0], [91382.5, 3120.0], [91375.0, 2120.0], [91370.0, 7000.0], [91367.5, 600.0], [91365.0, 2000.0], [91360.0, 2110.0], [91357.5, 7000.0], [91355.0, 20.0], [91350.0, 2100.0], [91347.5, 7000.0]], "asks": [[91430.0, 7020.0], [91437.5, 1560.0], [91440.0, 5220.0], [91442.5, 4200.0], [91445.0, 3510.0], [91447.5, 7020.0], [91455.0, 28350.0], [91457.5, 57000.0], [91460.0, 6570.0], [91462.5, 10000.0], [91465.0, 6640.0], [91467.5, 7000.0], [91470.0, 1120.0], [91472.5, 2000.0], [91477.5, 3500.0], [91480.0, 14660.0], [91482.5, 15300.0], [91485.0, 20.0], [91490.0, 25410.0], [91495.0, 56740.0]]}}}
{"jsonrpc": "2.0", "method": "subscription", "params": {"channel": "book.BTC-24JAN25.none.20.100ms", "data": {"timestamp": 1736766756931, "change_id": 84746695037, "instrument_name": "BTC-24JAN25", "bids": [[91610.0, 16550.0], [91607.5, 20650.0], [91605.0, 16980.0], [91602.5, 3300.0], [91600.0, 30260.0], [91597.5, 82070.0], [91595.0, 980.0], [91590.0, 4900.0], [91587.5, 5500.0], [91585.0, 8660.0], [91582.5, 14790.0], [91580.0, 17600.0], [91577.5, 5500.0], [91575.0, 20.0], [91570.0, 1550.0], [91567.5, 5500.0], [91565.0, 20.0], [91557.5, 20.0], [91555.0, 1650.0], [91550.0, 6100.0]], "asks": [[91612.5, 20.0], [91630.0, 20.0], [91632.5, 1630.0], [91635.0, 3250.0], [91640.0, 2680.0], [91642.5, 5500.0], [91645.0, 29800.0], [91647.5, 60000.0], [91650.0, 3270.0], [91655.0, 2760.0], [91660.0, 5520.0], [91667.5, 20.0], [91672.5, 2750.0], [91675.0, 5500.0], [91680.0, 2690.0], [91685.0, 5520.0], [91690.0, 10930.0], [91692.5, 16580.0], [91695.0, 5500.0], [91702.5, 2690.0]]}}}
{"jsonrpc": "2.0", "method": "subscription", "params": {"channel": "book.BTC-17JAN25.none.20.100ms", "data": {"timestamp": 1736766757169, "change_id": 84746695316, "instrument_name": "BTC-17JAN25", "bids": [[91425.0, 15120.0], [91417.5, 3120.0], [91415.0, 4840.0], [91412.5, 10000.0], [91410.0, 7000.0], [91407.5, 21940.0], [91405.0, 73120.0], [91402.5, 10750.0], [91400.0, 46500.0], [91397.5, 7000.0], [91392.5, 20.0], [91390.0, 2100.0], [91385.0, 7940.0], [91382.5, 3120.0], [91375.0, 2120.0], [91370.0, 7000.0], [91367.5, 600.0], [91365.0, 2000.0], [91360.0, 2110.0], [91357.5, 7000.0]], "asks": [[91430.0, 20.0], [91437.5, 1560.0], [91440.0, 5220.0], [91442.5, 4200.0], [91445.0, 3510.0], [91447.5, 7020.0], [91455.0, 28350.0], [91457.5, 57000.0], [91460.0, 6570.0], [91462.5, 10000.0], [91465.0, 6640.0], [91467.5, 7000.0], [91470.0, 1120.0], [91472.5, 2000.0], [91477.5, 3500.0], [91480.0, 14660.0], [91482.5, 15300.0], [91485.0, 20.0], [91490.0, 25410.0], [91495.0, 56740.0]]}}}
{"jsonrpc": "2.0", "method": "subscription", "params": {"channel": "book.BTC-24JAN25.none.20.100ms", "data": {"timestamp": 1736766757166, "change_id": 84746695314, "instrument_name": "BTC-24JAN25", "bids": [[91610.0, 6550.0], [91607.5, 20650.0], [91605.0, 16980.0], [91602.5, 3300.0], [91600.0, 30260.0], [91597.5, 92070.0], [91595.0, 980.0], [91590.0, 4900.0], [91587.5, 5500.0], [91585.0, 8660.0], [91582.5, 14790.0], [91580.0, 17600.0], [91577.5, 5500.0], [91575.0, 20.0], [91570.0, 1550.0], [91567.5, 5500.0], [91565.0, 20.0], [91557.5, 20.0], [91555.0, 1650.0], [91550.0, 6100.0]], "asks": [[91612.5, 20.0], [91630.0, 20.0], [91632.5, 1630.0], [91635.0, 3250.0], [91640.0, 2680.0], [91642.5, 5500.0], [91645.0, 29800.0], [91647.5, 60000.0], [91650.0, 3270.0], [91655.0, 2760.0], [91660.0, 5520.0], [91667.5, 20.0], [91672.5, 2750.0], [91675.0, 5500.0], [91680.0, 2690.0], [91685.0, 5520.0], [91690.0, 10930.0], [91692.5, 16580.0], [91695.0, 5500.0], [91702.5, 2690.0]]}}}
{"jsonrpc": "2.0", "method": "subscription", "params": {"channel": "book.BTC-17JAN25.none.20.100ms", "data": {"timestamp": 1736766757591, "change_id": 84746695978, "instrument_name": "BTC-17JAN25", "bids": [[91425.0, 15000.0], [91415.0, 5770.0], [91412.5, 10120.0], [91410.0, 10120.0], [91407.5, 21940.0], [91405.0, 73120.0], [91402.5, 10750.0], [91400.0, 46500.0], [91397.5, 7000.0], [91392.5, 20.0], [91390.0, 2100.0], [91385.0, 7940.0], [91382.5, 3120.0], [91375.0, 2120.0], [91370.0, 7000.0], [91367.5, 600.0], [91365.0, 2000.0], [91360.0, 2110.0], [91357.5, 7000.0], [91355.0, 20.0]], "asks": [[91427.5, 4200.0], [91430.0, 12780.0], [91432.5, 3120.0], [91435.0, 3500.0], [91437.5, 7000.0], [91440.0, 27010.0], [91442.5, 4200.0], [91445.0, 53510.0], [91447.5, 7020.0], [91455.0, 3500.0], [91457.5, 7000.0], [91460.0, 6570.0], [91462.5, 10000.0], [91465.0, 6640.0], [91467.5, 7000.0], [91470.0, 1120.0], [91472.5, 2000.0], [91477.5, 3500.0], [91480.0, 14660.0], [91482.5, 15300.0]]}}}
{"jsonrpc": "2.0", "method": "subscription", "params": {"channel": "book.BTC-24JAN25.none.20.100ms", "data": {"timestamp": 1736766757436, "change_id": 84746695752, "instrument_name": "BTC-24JAN25", "bids": [[91610.0, 3300.0], [91607.5, 15150.0], [91605.0, 16980.0], [91602.5, 6550.0], [91600.0, 30260.0], [91597.5, 92070.0], [91590.0, 1650.0], [91587.5, 5500.0], [91585.0, 4440.0], [91582.5, 14790.0], [91580.0, 1660.0], [91577.5, 5500.0], [91575.0, 20.0], [91570.0, 1550.0], [91567.5, 5500.0], [91565.0, 20.0], [91562.5, 980.0], [91560.0, 8100.0], [91557.5, 16180.0], [91555.0, 1650.0]], "asks": [[91612.5, 20.0], [91625.0, 3290.0], [91627.5, 3250.0], [91630.0, 6070.0], [91632.5, 5500.0], [91640.0, 2680.0], [91642.5, 5500.0], [91645.0, 29800.0], [91647.5, 60000.0], [91650.0, 3270.0], [91655.0, 2760.0], [91660.0, 5520.0], [91667.5, 20.0], [91672.5, 2750.0], [91675.0, 5500.0], [91680.0, 2690.0], [91685.0, 5520.0], [91690.0, 10930.0], [91692.5, 16580.0], [91695.0, 5500.0]]}}}
{"jsonrpc": "2.0", "method": "subscription", "params": {"channel": "book.BTC-17JAN25.none.20.100ms", "data": {"timestamp": 1736766757931, "change_id": 84746696486, "instrument_name": "BTC-17JAN25", "bids": [[91425.0, 15000.0], [91415.0, 970.0], [91412.5, 120.0], [91410.0, 3120.0], [91402.5, 10750.0], [91400.0, 46500.0], [91397.5, 7000.0], [91392.5, 20.0], [91390.0, 2100.0], [91385.0, 7940.0], [91382.5, 3120.0], [91375.0, 2120.0], [91370.0, 7000.0], [91367.5, 600.0], [91365.0, 2000.0], [91360.0, 2110.0], [91357.5, 7000.0], [91355.0, 20.0], [91350.0, 2100.0], [91347.5, 7000.0]], "asks": [[91427.5, 11200.0], [91430.0, 12780.0], [91432.5, 3120.0], [91435.0, 3500.0], [91437.5, 7000.0], [91440.0, 27010.0], [91442.5, 4200.0], [91445.0, 53510.0], [91447.5, 7020.0], [91450.0, 5000.0], [91452.5, 10000.0], [91455.0, 3500.0], [91457.5, 7000.0], [91462.5, 1570.0], [91465.0, 6640.0], [91467.5, 7000.0], [91470.0, 1120.0], [91472.5, 2000.0], [91477.5, 3500.0], [91480.0, 14660.0]]}}}
{"jsonrpc": "2.0", "method": "subscription", "params": {"channel": "book.BTC-24JAN25.none.20.100ms", "data": {"timestamp": 1736766757942, "change_id": 84746696482, "instrument_name": "BTC-24JAN25", "bids": [[91607.5, 11850.0], [91605.0, 16980.0], [91602.5, 3250.0], [91600.0, 4950.0], [91597.5, 5500.0], [91590.0, 1650.0], [91587.5, 5500.0], [91585.0, 4440.0], [91582.5, 14790.0], [91580.0, 1660.0], [91577.5, 5500.0], [91575.0, 20.0], [91570.0, 1550.0], [91567.5, 5500.0], [91565.0, 20.0], [91562.5, 980.0], [91560.0, 3250.0], [91557.5, 20.0], [91555.0, 1650.0], [91550.0, 6100.0]], "asks": [[91612.5, 20.0], [91625.0, 3290.0], [91627.5, 3250.0], [91630.0, 6070.0], [91632.5, 5500.0], [91635.0, 5000.0], [91637.5, 10000.0], [91640.0, 27640.0], [91642.5, 55500.0], [91647.5, 1640.0], [91650.0, 3270.0], [91655.0, 2760.0], [91660.0, 5520.0], [91667.5, 20.0], [91672.5, 2750.0], [91675.0, 5500.0], [91680.0, 2690.0], [91685.0, 5520.0], [91690.0, 10930.0], [91692.5, 16580.0]]}}}
{"jsonrpc": "2.0", "method": "subscription", "params": {"channel": "book.BTC-17JAN25.none.20.100ms", "data": {"timestamp": 1736766758250, "change_id": 84746698196, "instrument_name": "BTC-17JAN25", "bids": [[91410.0, 2500.0], [91405.0, 4340.0], [91402.5, 15000.0], [91392.5, 20.0], [91387.5, 2100.0], [91385.0, 7000.0], [91380.0, 13450.0], [91377.5, 44400.0], [91375.0, 20.0], [91372.5, 2100.0], [91370.0, 7000.0], [91367.5, 600.0], [91365.0, 2000.0], [91360.0, 2110.0], [91357.5, 7000.0], [91355.0, 20.0], [91350.0, 2100.0], [91347.5, 7000.0], [91340.0, 2110.0], [91337.5, 7020.0]], "asks": [[91415.0, 10120.0], [91417.5, 5450.0], [91420.0, 15400.0], [91422.5, 4200.0], [91425.0, 11910.0], [91427.5, 11200.0], [91430.0, 30720.0], [91432.5, 53120.0], [91435.0, 3500.0], [91437.5, 7000.0], [91440.0, 7010.0], [91442.5, 14200.0], [91445.0, 3510.0], [91447.5, 7020.0], [91455.0, 3500.0], [91457.5, 7000.0], [91460.0, 120.0], [91465.0, 3520.0], [91467.5, 7000.0], [91470.0, 1000.0]]}}}
{"jsonrpc": "2.0", "method": "subscription", "params": {"channel": "book.BTC-24JAN25.none.20.100ms", "data": {"timestamp": 1736766758260, "change_id": 84746698236, "instrument_name": "BTC-24JAN25", "bids": [[91605.0, 15000.0], [91590.0, 1650.0], [91587.5, 5500.0], [91580.0, 1660.0], [91577.5, 5500.0], [91575.0, 20.0], [91570.0, 1550.0], [91567.5, 5500.0], [91565.0, 20.0], [91562.5, 4440.0], [91560.0, 14790.0], [91557.5, 20.0], [91552.5, 1650.0], [91550.0, 6100.0], [91547.5, 2000.0], [91542.5, 1660.0], [91540.0, 5520.0], [91532.5, 1650.0], [91530.0, 5500.0], [91522.5, 6200.0]], "asks": [[91610.0, 9310.0], [91612.5, 5520.0], [91620.0, 2750.0], [91622.5, 5500.0], [91625.0, 6590.0], [91627.5, 10000.0], [91630.0, 30960.0], [91632.5, 55500.0], [91640.0, 2750.0], [91642.5, 5500.0], [91647.5, 1640.0], [91650.0, 3270.0], [91655.0, 2760.0], [91660.0, 5520.0], [91667.5, 20.0], [91672.5, 2750.0], [91675.0, 5500.0], [91680.0, 2720.0], [91685.0, 5520.0], [91690.0, 10930.0]]}}}
{"jsonrpc": "2.0", "method": "subscription", "params": {"channel": "book.BTC-17JAN25.none.20.100ms", "data": {"timestamp": 1736766758551, "change_id": 84746699481, "instrument_name": "BTC-17JAN25", "bids": [[91410.0, 2500.0], [91402.5, 15000.0], [91392.5, 20.0], [91387.5, 3500.0], [91385.0, 7000.0], [91382.5, 4930.0], [91380.0, 10120.0], [91375.0, 20.0], [91372.5, 3410.0], [91370.0, 7000.0], [91367.5, 600.0], [91365.0, 24200.0], [91362.5, 44400.0], [91360.0, 3420.0], [91357.5, 7000.0], [91355.0, 20.0], [91350.0, 3410.0], [91347.5, 7000.0], [91340.0, 3420.0], [91337.5, 7020.0]], "asks": [[91415.0, 9920.0], [91417.5, 5450.0], [91420.0, 15400.0], [91422.5, 4200.0], [91425.0, 11910.0], [91427.5, 11200.0], [91430.0, 30720.0], [91432.5, 63120.0], [91435.0, 3500.0], [91437.5, 7000.0], [91445.0, 4360.0], [91447.5, 7020.0], [91450.0, 2120.0], [91455.0, 3500.0], [91457.5, 7000.0], [91465.0, 11020.0], [91467.5, 22300.0], [91477.5, 3500.0], [91480.0, 7000.0], [91485.0, 20.0]]}}}
{"jsonrpc": "2.0", "method": "subscription", "params": {"channel": "book.BTC-24JAN25.none.20.100ms", "data": {"timestamp": 1736766758579, "change_id": 84746699576, "instrument_name": "BTC-24JAN25", "bids": [[91605.0, 14800.0], [91580.0, 1660.0], [91577.5, 5500.0], [91575.0, 20.0], [91570.0, 4660.0], [91567.5, 5500.0], [91565.0, 10020.0], [91562.5, 4440.0], [91560.0, 14790.0], [91557.5, 20.0], [91552.5, 1650.0], [91550.0, 5500.0], [91542.5, 1660.0], [91540.0, 5520.0], [91532.5, 1650.0], [91530.0, 5500.0], [91522.5, 1660.0], [91520.0, 5520.0], [91512.5, 1650.0], [91510.0, 5500.0]], "asks": [[91610.0, 19310.0], [91612.5, 5720.0], [91615.0, 1650.0], [91617.5, 3300.0], [91620.0, 2750.0], [91622.5, 5500.0], [91625.0, 31390.0], [91627.5, 50000.0], [91630.0, 6070.0], [91632.5, 5500.0], [91640.0, 2750.0], [91642.5, 5500.0], [91647.5, 9530.0], [91650.0, 19200.0], [91655.0, 2760.0], [91660.0, 5520.0], [91667.5, 20.0], [91672.5, 2750.0], [91675.0, 5500.0], [91680.0, 2720.0]]}}}
{"jsonrpc": "2.0", "method": "subscription", "params": {"channel": "book.BTC-17JAN25.none.20.100ms", "data": {"timestamp": 1736766758800, "change_id": 84746700290, "instrument_name": "BTC-17JAN25", "bids": [[91412.5, 200.0], [91410.0, 2500.0], [91405.0, 3200.0], [91402.5, 15000.0], [91395.0, 940.0], [91392.5, 3140.0], [91387.5, 2100.0], [91385.0, 7000.0], [91382.5, 3040.0], [91380.0, 10120.0], [91375.0, 20.0], [91372.5, 2100.0], [91370.0, 7000.0], [91367.5, 600.0], [91365.0, 15320.0], [91362.5, 44400.0], [91360.0, 2110.0], [91357.5, 7000.0], [91355.0, 3140.0], [91350.0, 2100.0]], "asks": [[91415.0, 10120.0], [91417.5, 9570.0], [91420.0, 11200.0], [91422.5, 4200.0], [91425.0, 11910.0], [91427.5, 11200.0], [91430.0, 30720.0], [91432.5, 63120.0], [91435.0, 3500.0], [91437.5, 7000.0], [91445.0, 4360.0], [91447.5, 7020.0], [91450.0, 2120.0], [91455.0, 3500.0], [91457.5, 7000.0], [91465.0, 11020.0], [91467.5, 22300.0], [91477.5, 3500.0], [91480.0, 7000.0], [91485.0, 20.0]]}}}
{"jsonrpc": "2.0", "method": "subscription", "params": {"channel": "book.BTC-24JAN25.none.20.100ms", "data": {"timestamp": 1736766758917, "change_id": 84746700370, "instrument_name": "BTC-24JAN25", "bids": [[91605.0, 14800.0], [91587.5, 980.0], [91585.0, 3250.0], [91580.0, 1660.0], [91577.5, 5500.0], [91575.0, 4910.0], [91572.5, 16310.0], [91570.0, 4660.0], [91567.5, 5500.0], [91565.0, 10020.0], [91562.5, 4440.0], [91560.0, 18040.0], [91557.5, 20.0], [91552.5, 1650.0], [91550.0, 5500.0], [91542.5, 1660.0], [91540.0, 5520.0], [91532.5, 1650.0], [91530.0, 5500.0], [91522.5, 1660.0]], "asks": [[91610.0, 9310.0], [91612.5, 5720.0], [91615.0, 1650.0], [91617.5, 3300.0], [91620.0, 7640.0], [91622.5, 15500.0], [91625.0, 31390.0], [91627.5, 50000.0], [91630.0, 6070.0], [91632.5, 5500.0], [91640.0, 2750.0], [91642.5, 5500.0], [91647.5, 9530.0], [91650.0, 19200.0], [91655.0, 2760.0], [91660.0, 5520.0], [91667.5, 20.0], [91672.5, 2750.0], [91675.0, 5500.0], [91680.0, 2720.0]]}}}
{"jsonrpc": "2.0", "method": "subscription", "params": {"channel": "book.BTC-17JAN25.none.20.100ms", "data": {"timestamp": 1736766759151, "change_id": 84746700798, "instrument_name": "BTC-17JAN25", "bids": [[91412.5, 200.0], [91410.0, 2500.0], [91402.5, 15000.0], [91395.0, 940.0], [91392.5, 3140.0], [91387.5, 2100.0], [91385.0, 7000.0], [91382.5, 3040.0], [91380.0, 10120.0], [91375.0, 20.0], [91372.5, 2100.0], [91370.0, 7000.0], [91367.5, 600.0], [91365.0, 15320.0], [91362.5, 44400.0], [91360.0, 2110.0], [91357.5, 7000.0], [91355.0, 3140.0], [91350.0, 2100.0], [91347.5, 7000.0]], "asks": [[91415.0, 14000.0], [91417.5, 12690.0], [91420.0, 11200.0], [91422.5, 4200.0], [91425.0, 11910.0], [91427.5, 11200.0], [91430.0, 30720.0], [91432.5, 60000.0], [91435.0, 4910.0], [91437.5, 10120.0], [91445.0, 4360.0], [91447.5, 7020.0], [91450.0, 2120.0], [91455.0, 3500.0], [91457.5, 7000.0], [91465.0, 11020.0], [91467.5, 22300.0], [91477.5, 3500.0], [91480.0, 7000.0], [91485.0, 20.0]]}}}
{"jsonrpc": "2.0", "method": "subscription", "params": {"channel": "book.BTC-24JAN25.none.20.100ms", "data": {"timestamp": 1736766759122, "change_id": 84746700653, "instrument_name": "BTC-24JAN25", "bids": [[91605.0, 14800.0], [91587.5, 980.0], [91585.0, 3250.0], [91580.0, 1660.0], [91577.5, 5500.0], [91575.0, 4910.0], [91572.5, 16310.0], [91570.0, 4660.0], [91567.5, 5500.0], [91565.0, 10020.0], [91562.5, 4440.0], [91560.0, 18040.0], [91557.5, 20.0], [91552.5, 1650.0], [91550.0, 5500.0], [91542.5, 1660.0], [91540.0, 5520.0], [91532.5, 1650.0], [91530.0, 5500.0], [91522.5, 1660.0]], "asks": [[91610.0, 17670.0], [91612.5, 8970.0], [91615.0, 1650.0], [91617.5, 3300.0], [91620.0, 2750.0], [91622.5, 5500.0], [91625.0, 31390.0], [91627.5, 50000.0], [91630.0, 6070.0], [91632.5, 5500.0], [91640.0, 2750.0], [91642.5, 5500.0], [91647.5, 9530.0], [91650.0, 19200.0], [91655.0, 2760.0], [91660.0, 5520.0], [91667.5, 20.0], [91672.5, 2750.0], [91675.0, 5500.0], [91680.0, 2720.0]]}}}
{"jsonrpc": "2.0", "method": "subscription", "params": {"channel": "book.BTC-17JAN25.none.20.100ms", "data": {"timestamp": 1736766759518, "change_id": 84746701021, "instrument_name": "BTC-17JAN25", "bids": [[91412.5, 200.0], [91410.0, 2500.0], [91405.0, 8700.0], [91402.5, 15000.0], [91395.0, 940.0], [91392.5, 3140.0], [91390.0, 120.0], [91387.5, 2100.0], [91385.0, 7000.0], [91382.5, 3040.0], [91380.0, 10000.0], [91375.0, 20.0], [91372.5, 2100.0], [91370.0, 7000.0], [91367.5, 600.0], [91365.0, 15320.0], [91362.5, 44400.0], [91360.0, 2110.0], [91357.5, 7000.0], [91355.0, 3140.0]], "asks": [[91415.0, 18200.0], [91417.5, 15020.0], [91420.0, 7000.0], [91422.5, 4200.0], [91425.0, 11910.0], [91427.5, 11200.0], [91430.0, 30720.0], [91432.5, 60000.0], [91435.0, 4910.0], [91437.5, 10120.0], [91445.0, 4360.0], [91447.5, 7020.0], [91450.0, 2120.0], [91455.0, 3500.0], [91457.5, 7000.0], [91465.0, 11020.0], [91467.5, 22300.0], [91477.5, 3500.0], [91480.0, 7000.0], [91485.0, 20.0]]}}}
{"jsonrpc": "2.0", "method": "subscription", "params": {"channel": "book.BTC-24JAN25.none.20.100ms", "data": {"timestamp": 1736766759338, "change_id": 84746700891, "instrument_name": "BTC-24JAN25", "bids": [[91605.0, 14800.0], [91590.0, 1970.0], [91587.5, 3300.0], [91585.0, 3250.0], [91580.0, 1660.0], [91577.5, 5500.0], [91575.0, 4910.0], [91572.5, 16310.0], [91570.0, 4660.0], [91567.5, 5500.0], [91565.0, 10020.0], [91562.5, 4440.0], [91560.0, 18040.0], [91557.5, 20.0], [91552.5, 1650.0], [91550.0, 5500.0], [91542.5, 1660.0], [91540.0, 5520.0], [91532.5, 1650.0], [91530.0, 5500.0]], "asks": [[91610.0, 17670.0], [91612.5, 8970.0], [91615.0, 3230.0], [91617.5, 3300.0], [91620.0, 6050.0], [91622.5, 5500.0], [91625.0, 31390.0], [91627.5, 50000.0], [91630.0, 6070.0], [91632.5, 5500.0], [91640.0, 2750.0], [91642.5, 5500.0], [91647.5, 9530.0], [91650.0, 19200.0], [91655.0, 2760.0], [91660.0, 5520.0], [91667.5, 20.0], [91672.5, 2750.0], [91675.0, 5500.0], [91680.0, 2720.0]]}}}
{"jsonrpc": "2.0", "method": "subscription", "params": {"channel": "book.BTC-17JAN25.none.20.100ms", "data": {"timestamp": 1736766759922, "change_id": 84746701404, "instrument_name": "BTC-17JAN25", "bids": [[91412.5, 200.0], [91410.0, 2500.0], [91405.0, 8700.0], [91402.5, 15000.0], [91395.0, 3860.0], [91392.5, 3140.0], [91390.0, 10120.0], [91387.5, 2100.0], [91385.0, 7000.0], [91375.0, 20.0], [91372.5, 2100.0], [91370.0, 7000.0], [91367.5, 600.0], [91365.0, 15320.0], [91362.5, 44400.0], [91360.0, 2110.0], [91357.5, 7000.0], [91355.0, 3140.0], [91350.0, 2100.0], [91347.5, 7000.0]], "asks": [[91415.0, 18200.0], [91417.5, 15020.0], [91420.0, 7000.0], [91422.5, 4200.0], [91425.0, 11910.0], [91427.5, 11200.0], [91430.0, 30720.0], [91432.5, 60000.0], [91435.0, 4910.0], [91437.5, 10120.0], [91445.0, 4360.0], [91447.5, 7020.0], [91450.0, 2120.0], [91455.0, 3500.0], [91457.5, 7000.0], [91465.0, 11020.0], [91467.5, 22300.0], [91477.5, 3500.0], [91480.0, 7000.0], [91485.0, 20.0]]}}}
{"jsonrpc": "2.0", "method": "subscription", "params": {"channel": "book.BTC-24JAN25.none.20.100ms", "data": {"timestamp": 1736766759920, "change_id": 84746701393, "instrument_name": "BTC-24JAN25", "bids": [[91605.0, 14800.0], [91590.0, 1970.0], [91587.5, 3300.0], [91585.0, 3250.0], [91580.0, 1660.0], [91577.5, 5500.0], [91575.0, 4910.0], [91572.5, 16310.0], [91570.0, 4660.0], [91567.5, 5500.0], [91565.0, 10020.0], [91562.5, 4440.0], [91560.0, 18040.0], [91557.5, 20.0], [91552.5, 1650.0], [91550.0, 5500.0], [91542.5, 1660.0], [91540.0, 5520.0], [91532.5, 1650.0], [91530.0, 5500.0]], "asks": [[91610.0, 17670.0], [91612.5, 8970.0], [91615.0, 3230.0], [91617.5, 3300.0], [91620.0, 6050.0], [91622.5, 5500.0], [91625.0, 31390.0], [91627.5, 50000.0], [91630.0, 6070.0], [91632.5, 5500.0], [91640.0, 2750.0], [91642.5, 5500.0], [91647.5, 9530.0], [91650.0, 19200.0], [91655.0, 2760.0], [91660.0, 5520.0], [91667.5, 20.0], [91672.5, 2750.0], [91675.0, 5500.0], [91680.0, 2720.0]]}}}
{"jsonrpc": "2.0", "method": "subscription", "params": {"channel": "book.BTC-17JAN25.none.20.100ms", "data": {"timestamp": 1736766759959, "change_id": 84746701457, "instrument_name": "BTC-17JAN25", "bids": [[91412.5, 200.0], [91410.0, 2500.0], [91405.0, 8700.0], [91402.5, 15000.0], [91395.0, 3860.0], [91392.5, 3140.0], [91390.0, 10120.0], [91387.5, 2100.0], [91385.0, 7000.0], [91375.0, 20.0], [91372.5, 2100.0], [91370.0, 7000.0], [91367.5, 600.0], [91365.0, 15320.0], [91362.5, 44400.0], [91360.0, 2110.0], [91357.5, 7000.0], [91355.0, 3140.0], [91350.0, 2100.0], [91347.5, 7000.0]], "asks": [[91415.0, 11200.0], [91417.5, 15020.0], [91420.0, 7000.0], [91422.5, 4200.0], [91425.0, 11910.0], [91427.5, 11200.0], [91430.0, 30720.0], [91432.5, 60000.0], [91435.0, 4910.0], [91437.5, 10120.0], [91445.0, 4360.0], [91447.5, 7020.0], [91450.0, 2120.0], [91455.0, 3500.0], [91457.5, 7000.0], [91465.0, 11020.0], [91467.5, 22300.0], [91477.5, 3500.0], [91480.0, 7000.0], [91485.0, 20.0]]}}}
{"jsonrpc": "2.0", "method": "subscription", "params": {"channel": "book.BTC-24JAN25.none.20.100ms", "data": {"timestamp": 1736766760125, "change_id": 84746701630, "instrument_name": "BTC-24JAN25", "bids": [[91605.0, 14800.0], [91590.0, 1970.0], [91587.5, 3300.0], [91585.0, 3250.0], [91580.0, 4450.0], [91577.5, 5500.0], [91575.0, 14910.0], [91572.5, 16310.0], [91570.0, 1660.0], [91567.5, 5500.0], [91565.0, 20.0], [91562.5, 4440.0], [91560.0, 18040.0], [91557.5, 20.0], [91552.5, 1650.0], [91550.0, 5500.0], [91542.5, 1660.0], [91540.0, 5520.0], [91532.5, 1650.0], [91530.0, 5500.0]], "asks": [[91610.0, 17670.0], [91612.5, 8970.0], [91615.0, 3230.0], [91617.5, 3300.0], [91620.0, 6050.0], [91622.5, 5500.0], [91625.0, 25010.0], [91627.5, 50000.0], [91630.0, 2770.0], [91632.5, 5500.0], [91640.0, 2750.0], [91642.5, 5500.0], [91647.5, 1640.0], [91650.0, 3270.0], [91655.0, 10530.0], [91657.5, 15760.0], [91660.0, 5520.0], [91667.5, 20.0], [91672.5, 2750.0], [91675.0, 5500.0]]}}}
{"jsonrpc": "2.0", "method": "subscription", "params": {"channel": "book.BTC-17JAN25.none.20.100ms", "data": {"timestamp": 1736766760526, "change_id": 84746701706, "instrument_name": "BTC-17JAN25", "bids": [[91412.5, 200.0], [91410.0, 2500.0], [91405.0, 8700.0], [91402.5, 15000.0], [91400.0, 1260.0], [91397.5, 4200.0], [91395.0, 3860.0], [91392.5, 3140.0], [91390.0, 10120.0], [91387.5, 2100.0], [91385.0, 7000.0], [91375.0, 20.0], [91372.5, 2100.0], [91370.0, 7000.0], [91367.5, 600.0], [91365.0, 15320.0], [91362.5, 44400.0], [91360.0, 2110.0], [91357.5, 7000.0], [91355.0, 3140.0]], "asks": [[91415.0, 11200.0], [91417.5, 15020.0], [91420.0, 7000.0], [91422.5, 4200.0], [91425.0, 11910.0], [91427.5, 11200.0], [91430.0, 30720.0], [91432.5, 60000.0], [91435.0, 4910.0], [91437.5, 10120.0], [91445.0, 4360.0], [91447.5, 7020.0], [91450.0, 2120.0], [91455.0, 3500.0], [91457.5, 7000.0], [91465.0, 11020.0], [91467.5, 22300.0], [91477.5, 3500.0], [91480.0, 7000.0], [91485.0, 20.0]]}}}
{"jsonrpc": "2.0", "method": "subscription", "params": {"channel": "book.BTC-24JAN25.none.20.100ms", "data": {"timestamp": 1736766760329, "change_id": 84746701722, "instrument_name": "BTC-24JAN25", "bids": [[91605.0, 14800.0], [91590.0, 1970.0], [91587.5, 3300.0], [91585.0, 4240.0], [91582.5, 3300.0], [91580.0, 4450.0], [91577.5, 5500.0], [91575.0, 14910.0], [91572.5, 16310.0], [91570.0, 1660.0], [91567.5, 5500.0], [91565.0, 20.0], [91562.5, 4440.0], [91560.0, 18040.0], [91557.5, 20.0], [91552.5, 1650.0], [91550.0, 5500.0], [91542.5, 1660.0], [91540.0, 5520.0], [91532.5, 1650.0]], "asks": [[91610.0, 17670.0], [91612.5, 8970.0], [91615.0, 3230.0], [91617.5, 3300.0], [91620.0, 6050.0], [91622.5, 5500.0], [91625.0, 25010.0], [91627.5, 50000.0], [91630.0, 2770.0], [91632.5, 5500.0], [91640.0, 2750.0], [91642.5, 5500.0], [91647.5, 1640.0], [91650.0, 3270.0], [91655.0, 10530.0], [91657.5, 15760.0], [91660.0, 5520.0], [91667.5, 20.0], [91672.5, 2750.0], [91675.0, 5500.0]]}}}
{"jsonrpc": "2.0", "method": "subscription", "params": {"channel": "book.BTC-24JAN25.none.20.100ms", "data": {"timestamp": 1736766761154, "change_id": 84746702199, "instrument_name": "BTC-24JAN25", "bids": [[91605.0, 14800.0], [91590.0, 1970.0], [91587.5, 3300.0], [91585.0, 4240.0], [91582.5, 3300.0], [91580.0, 4450.0], [91577.5, 5500.0], [91575.0, 14910.0], [91572.5, 16310.0], [91570.0, 1660.0], [91567.5, 5500.0], [91565.0, 20.0], [91562.5, 4440.0], [91560.0, 18040.0], [91557.5, 20.0], [91552.5, 1650.0], [91550.0, 5500.0], [91542.5, 1660.0], [91540.0, 5520.0], [91532.5, 1650.0]], "asks": [[91610.0, 7670.0], [91612.5, 8970.0], [91615.0, 3230.0], [91617.5, 3300.0], [91620.0, 10940.0], [91622.5, 15500.0], [91625.0, 25010.0], [91627.5, 50000.0], [91630.0, 2770.0], [91632.5, 5500.0], [91640.0, 2750.0], [91642.5, 5500.0], [91647.5, 1640.0], [91650.0, 3270.0], [91655.0, 10530.0], [91657.5, 15760.0], [91660.0, 5520.0], [91667.5, 20.0], [91672.5, 2750.0], [91675.0, 5500.0]]}}}
{"jsonrpc": "2.0", "method": "subscription", "params": {"channel": "book.BTC-17JAN25.none.20.100ms", "data": {"timestamp": 1736766761282, "change_id": 84746702244, "instrument_name": "BTC-17JAN25", "bids": [[91412.5, 200.0], [91410.0, 2500.0], [91405.0, 8700.0], [91402.5, 15000.0], [91400.0, 1260.0], [91397.5, 4200.0], [91395.0, 3860.0], [91392.5, 7340.0], [91390.0, 10120.0], [91387.5, 2100.0], [91385.0, 7000.0], [91375.0, 20.0], [91372.5, 2100.0], [91370.0, 7000.0], [91367.5, 600.0], [91365.0, 15320.0], [91362.5, 44400.0], [91360.0, 2110.0], [91357.5, 7000.0], [91355.0, 3140.0]], "asks": [[91415.0, 11200.0], [91417.5, 15020.0], [91420.0, 7000.0], [91422.5, 4200.0], [91425.0, 11910.0], [91427.5, 11200.0], [91430.0, 30720.0], [91432.5, 60000.0], [91435.0, 4910.0], [91437.5, 10120.0], [91445.0, 4360.0], [91447.5, 7020.0], [91450.0, 2120.0], [91455.0, 3500.0], [91457.5, 7000.0], [91465.0, 11020.0], [91467.5, 22300.0], [91477.5, 3500.0], [91480.0, 7000.0], [91485.0, 20.0]]}}}
{"jsonrpc": "2.0", "method": "subscription", "params": {"channel": "book.BTC-24JAN25.none.20.100ms", "data": {"timestamp": 1736766761316, "change_id": 84746702273, "instrument_name": "BTC-24JAN25", "bids": [[91605.0, 14800.0], [91595.0, 990.0], [91592.5, 3300.0], [91590.0, 1970.0], [91587.5, 3300.0], [91585.0, 4240.0], [91582.5, 3300.0], [91580.0, 4450.0], [91577.5, 5500.0], [91575.0, 14910.0], [91572.5, 16310.0], [91570.0, 1660.0], [91567.5, 5500.0], [91565.0, 20.0], [91562.5, 4440.0], [91560.0, 18040.0], [91557.5, 20.0], [91552.5, 1650.0], [91550.0, 5500.0], [91542.5, 1660.0]], "asks": [[91610.0, 17670.0], [91612.5, 8970.0], [91615.0, 3230.0], [91617.5, 3300.0], [91620.0, 6050.0], [91622.5, 5500.0], [91625.0, 25010.0], [91627.5, 50000.0], [91630.0, 2770.0], [91632.5, 5500.0], [91640.0, 2750.0], [91642.5, 5500.0], [91647.5, 1640.0], [91650.0, 3270.0], [91655.0, 10530.0], [91657.5, 15760.0], [91660.0, 5520.0], [91667.5, 20.0], [91672.5, 2750.0], [91675.0, 5500.0]]}}}
{"jsonrpc": "2.0", "method": "subscription", "params": {"channel": "book.BTC-17JAN25.none.20.100ms", "data": {"timestamp": 1736766761605, "change_id": 84746702438, "instrument_name": "BTC-17JAN25", "bids": [[91412.5, 200.0], [91410.0, 2500.0], [91405.0, 4500.0], [91402.5, 15000.0], [91400.0, 1260.0], [91397.5, 4200.0], [91395.0, 3860.0], [91392.5, 7340.0], [91390.0, 10120.0], [91387.5, 2100.0], [91385.0, 7000.0], [91375.0, 20.0], [91372.5, 2100.0], [91370.0, 7000.0], [91367.5, 600.0], [91365.0, 15320.0], [91362.5, 44400.0], [91360.0, 2110.0], [91357.5, 7000.0], [91355.0, 3140.0]], "asks": [[91415.0, 11200.0], [91417.5, 15020.0], [91420.0, 7000.0], [91422.5, 4200.0], [91425.0, 11910.0], [91427.5, 11200.0], [91430.0, 30720.0], [91432.5, 60000.0], [91435.0, 4910.0], [91437.5, 10120.0], [91445.0, 4360.0], [91447.5, 7020.0], [91450.0, 2120.0], [91455.0, 3500.0], [91457.5, 7000.0], [91465.0, 11020.0], [91467.5, 22300.0], [91477.5, 3500.0], [91480.0, 7000.0], [91485.0, 20.0]]}}}
{"jsonrpc": "2.0", "method": "subscription", "params": {"channel": "book.BTC-24JAN25.none.20.100ms", "data": {"timestamp": 1736766761612, "change_id": 84746702447, "instrument_name": "BTC-24JAN25", "bids": [[91605.0, 13000.0], [91590.0, 980.0], [91585.0, 3250.0], [91580.0, 4450.0], [91577.5, 5500.0], [91575.0, 14910.0], [91572.5, 16310.0], [91570.0, 1660.0], [91567.5, 5500.0], [91565.0, 20.0], [91562.5, 4440.0], [91560.0, 18040.0], [91557.5, 20.0], [91552.5, 1650.0], [91550.0, 5500.0], [91542.5, 1660.0], [91540.0, 5520.0], [91532.5, 1650.0], [91530.0, 5500.0], [91522.5, 1660.0]], "asks": [[91610.0, 17670.0], [91612.5, 8970.0], [91615.0, 3230.0], [91617.5, 3300.0], [91620.0, 6050.0], [91622.5, 5500.0], [91625.0, 25010.0], [91627.5, 50000.0], [91630.0, 2770.0], [91632.5, 5500.0], [91640.0, 2750.0], [91642.5, 5500.0], [91647.5, 1640.0], [91650.0, 3270.0], [91655.0, 10530.0], [91657.5, 15760.0], [91660.0, 5520.0], [91667.5, 20.0], [91672.5, 2750.0], [91675.0, 5500.0]]}}}
{"jsonrpc": "2.0", "method": "subscription", "params": {"channel": "book.BTC-17JAN25.none.20.100ms", "data": {"timestamp": 1736766762189, "change_id": 84746703134, "instrument_name": "BTC-17JAN25", "bids": [[91412.5, 200.0], [91410.0, 2500.0], [91402.5, 15000.0], [91395.0, 3860.0], [91392.5, 7340.0], [91390.0, 10120.0], [91375.0, 20.0], [91372.5, 2100.0], [91370.0, 7000.0], [91367.5, 600.0], [91365.0, 15320.0], [91362.5, 44400.0], [91360.0, 2110.0], [91357.5, 7000.0], [91355.0, 3140.0], [91350.0, 2100.0], [91347.5, 7000.0], [91340.0, 2110.0], [91337.5, 7020.0], [91330.0, 2100.0]], "asks": [[91415.0, 28200.0], [91417.5, 15020.0], [91420.0, 7000.0], [91422.5, 4200.0], [91425.0, 36590.0], [91427.5, 61200.0], [91430.0, 4220.0], [91435.0, 4910.0], [91437.5, 10120.0], [91445.0, 4360.0], [91447.5, 7020.0], [91450.0, 2120.0], [91455.0, 3500.0], [91457.5, 7000.0], [91465.0, 11020.0], [91467.5, 22300.0], [91477.5, 3500.0], [91480.0, 7000.0], [91485.0, 20.0], [91490.0, 25410.0]]}}}
{"jsonrpc": "2.0", "method": "subscription", "params": {"channel": "book.BTC-24JAN25.none.20.100ms", "data": {"timestamp": 1736766762234, "change_id": 84746703149, "instrument_name": "BTC-24JAN25", "bids": [[91605.0, 13000.0], [91590.0, 980.0], [91585.0, 3250.0], [91580.0, 1660.0], [91577.5, 5500.0], [91575.0, 20.0], [91570.0, 1660.0], [91567.5, 5500.0], [91565.0, 8430.0], [91562.5, 10000.0], [91560.0, 18040.0], [91557.5, 20.0], [91552.5, 1650.0], [91550.0, 5500.0], [91542.5, 1660.0], [91540.0, 5520.0], [91532.5, 1650.0], [91530.0, 5500.0], [91522.5, 1660.0], [91520.0, 5520.0]], "asks": [[91610.0, 17670.0], [91612.5, 8970.0], [91615.0, 1650.0], [91617.5, 3300.0], [91620.0, 2750.0], [91622.5, 5500.0], [91625.0, 25010.0], [91627.5, 50000.0], [91630.0, 2770.0], [91632.5, 5500.0], [91640.0, 2750.0], [91642.5, 5500.0], [91647.5, 1640.0], [91650.0, 3270.0], [91655.0, 10530.0], [91657.5, 15760.0], [91660.0, 5520.0], [91667.5, 20.0], [91672.5, 2750.0], [91675.0, 5500.0]]}}}
{"jsonrpc": "2.0", "method": "subscription", "params": {"channel": "book.BTC-17JAN25.none.20.100ms", "data": {"timestamp": 1736766762540, "change_id": 84746703536, "instrument_name": "BTC-17JAN25", "bids": [[91412.5, 200.0], [91410.0, 2500.0], [91405.0, 4500.0], [91402.5, 15000.0], [91397.5, 1260.0], [91395.0, 11060.0], [91392.5, 14340.0], [91390.0, 10120.0], [91375.0, 20.0], [91372.5, 2100.0], [91370.0, 7000.0], [91367.5, 600.0], [91365.0, 15320.0], [91362.5, 44400.0], [91360.0, 2110.0], [91357.5, 7000.0], [91355.0, 3140.0], [91350.0, 2100.0], [91347.5, 7000.0], [91340.0, 2110.0]], "asks": [[91415.0, 11200.0], [91417.5, 15020.0], [91420.0, 7000.0], [91422.5, 4200.0], [91425.0, 36590.0], [91427.5, 61200.0], [91430.0, 10020.0], [91435.0, 4910.0], [91437.5, 10120.0], [91445.0, 4360.0], [91447.5, 7020.0], [91450.0, 2120.0], [91455.0, 3500.0], [91457.5, 7000.0], [91465.0, 11020.0], [91467.5, 22300.0], [91477.5, 3500.0], [91480.0, 7000.0], [91485.0, 20.0], [91490.0, 25410.0]]}}}
{"jsonrpc": "2.0", "method": "subscription", "params": {"channel": "book.BTC-24JAN25.none.20.100ms", "data": {"timestamp": 1736766762570, "change_id": 84746703769, "instrument_name": "BTC-24JAN25", "bids": [[91605.0, 13000.0], [91590.0, 1840.0], [91587.5, 3300.0], [91585.0, 3250.0], [91580.0, 1660.0], [91577.5, 5500.0], [91575.0, 20.0], [91570.0, 1660.0], [91567.5, 5500.0], [91565.0, 8430.0], [91562.5, 10000.0], [91560.0, 18040.0], [91557.5, 20.0], [91552.5, 1650.0], [91550.0, 5500.0], [91542.5, 1660.0], [91540.0, 5520.0], [91532.5, 1650.0], [91530.0, 5500.0], [91522.5, 1660.0]], "asks": [[91610.0, 17670.0], [91612.5, 8970.0], [91615.0, 3230.0], [91617.5, 3300.0], [91620.0, 6050.0], [91622.5, 5500.0], [91625.0, 25010.0], [91627.5, 50000.0], [91630.0, 2770.0], [91632.5, 5500.0], [91640.0, 2750.0], [91642.5, 5500.0], [91647.5, 1640.0], [91650.0, 3270.0], [91655.0, 2760.0], [91660.0, 5520.0], [91667.5, 7900.0], [91670.0, 15760.0], [91672.5, 2750.0], [91675.0, 5500.0]]}}}
{"jsonrpc": "2.0", "method": "subscription", "params": {"channel": "book.BTC-17JAN25.none.20.100ms", "data": {"timestamp": 1736766762898, "change_id": 84746703996, "instrument_name": "BTC-17JAN25", "bids": [[91412.5, 200.0], [91410.0, 2500.0], [91405.0, 4500.0], [91402.5, 15000.0], [91400.0, 10000.0], [91397.5, 1260.0], [91395.0, 8540.0], [91392.5, 14340.0], [91390.0, 120.0], [91375.0, 20.0], [91372.5, 2100.0], [91370.0, 7000.0], [91367.5, 600.0], [91365.0, 15320.0], [91362.5, 44400.0], [91360.0, 2110.0], [91357.5, 7000.0], [91355.0, 3140.0], [91350.0, 2100.0], [91347.5, 7000.0]], "asks": [[91415.0, 11200.0], [91417.5, 15020.0], [91420.0, 7000.0], [91422.5, 4200.0], [91425.0, 36590.0], [91427.5, 61200.0], [91430.0, 10020.0], [91435.0, 4910.0], [91437.5, 10120.0], [91445.0, 4360.0], [91447.5, 7020.0], [91450.0, 2120.0], [91455.0, 3500.0], [91457.5, 7000.0], [91465.0, 11020.0], [91467.5, 22300.0], [91477.5, 3500.0], [91480.0, 7000.0], [91485.0, 20.0], [91490.0, 25410.0]]}}}
{"jsonrpc": "2.0", "method": "subscription", "params": {"channel": "book.BTC-24JAN25.none.20.100ms", "data": {"timestamp": 1736766762678, "change_id": 84746703867, "instrument_name": "BTC-24JAN25", "bids": [[91605.0, 13000.0], [91590.0, 1840.0], [91587.5, 3300.0], [91585.0, 6250.0], [91582.5, 10000.0], [91580.0, 1660.0], [91577.5, 5500.0], [91575.0, 4520.0], [91572.5, 16250.0], [91570.0, 1660.0], [91567.5, 5500.0], [91565.0, 20.0], [91562.5, 5410.0], [91560.0, 18040.0], [91557.5, 20.0], [91552.5, 1650.0], [91550.0, 5500.0], [91542.5, 1660.0], [91540.0, 5520.0], [91532.5, 1650.0]], "asks": [[91610.0, 7670.0], [91612.5, 8970.0], [91615.0, 3230.0], [91617.5, 3300.0], [91620.0, 10940.0], [91622.5, 5500.0], [91625.0, 35010.0], [91627.5, 50000.0], [91630.0, 2770.0], [91632.5, 5500.0], [91640.0, 2750.0], [91642.5, 5500.0], [91647.5, 1640.0], [91650.0, 3270.0], [91655.0, 2760.0], [91660.0, 5520.0], [91667.5, 7900.0], [91670.0, 15760.0], [91672.5, 2750.0], [91675.0, 5500.0]]}}}
{"jsonrpc": "2.0", "method": "subscription", "params": {"channel": "book.BTC-17JAN25.none.20.100ms", "data": {"timestamp": 1736766762975, "change_id": 84746704095, "instrument_name": "BTC-17JAN25", "bids": [[91412.5, 10200.0], [91410.0, 2500.0], [91405.0, 4500.0], [91402.5, 15000.0], [91397.5, 1260.0], [91395.0, 8540.0], [91392.5, 14340.0], [91390.0, 120.0], [91375.0, 20.0], [91372.5, 2100.0], [91370.0, 7000.0], [91367.5, 600.0], [91365.0, 15320.0], [91362.5, 44400.0], [91360.0, 2110.0], [91357.5, 7000.0], [91355.0, 3140.0], [91350.0, 2100.0], [91347.5, 7000.0], [91340.0, 2110.0]], "asks": [[91415.0, 11200.0], [91417.5, 15020.0], [91420.0, 7000.0], [91422.5, 4200.0], [91425.0, 36590.0], [91427.5, 61200.0], [91430.0, 20.0], [91435.0, 4910.0], [91437.5, 10120.0], [91445.0, 9390.0], [91447.5, 17020.0], [91450.0, 2120.0], [91455.0, 3500.0], [91457.5, 7000.0], [91465.0, 11020.0], [91467.5, 22300.0], [91477.5, 3500.0], [91480.0, 7000.0], [91485.0, 20.0], [91490.0, 25410.0]]}}}
{"jsonrpc": "2.0", "method": "subscription", "params": {"channel": "book.BTC-24JAN25.none.20.100ms", "data": {"timestamp": 1736766762991, "change_id": 84746704104, "instrument_name": "BTC-24JAN25", "bids": [[91605.0, 13000.0], [91595.0, 3000.0], [91592.5, 10000.0], [91590.0, 1840.0], [91587.5, 3300.0], [91585.0, 3250.0], [91580.0, 1660.0], [91577.5, 5500.0], [91575.0, 4520.0], [91572.5, 16250.0], [91570.0, 1660.0], [91567.5, 5500.0], [91565.0, 20.0], [91562.5, 5410.0], [91560.0, 18040.0], [91557.5, 20.0], [91552.5, 1650.0], [91550.0, 5500.0], [91542.5, 1660.0], [91540.0, 5520.0]], "asks": [[91610.0, 7670.0], [91612.5, 8970.0], [91615.0, 3230.0], [91617.5, 3300.0], [91620.0, 10940.0], [91622.5, 5500.0], [91625.0, 35010.0], [91627.5, 50000.0], [91630.0, 2770.0], [91632.5, 5500.0], [91640.0, 2750.0], [91642.5, 5500.0], [91647.5, 1640.0], [91650.0, 3270.0], [91655.0, 2760.0], [91660.0, 5520.0], [91667.5, 7900.0], [91670.0, 15760.0], [91672.5, 2750.0], [91675.0, 5500.0]]}}}
{"jsonrpc": "2.0", "method": "subscription", "params": {"channel": "book.BTC-17JAN25.none.20.100ms", "data": {"timestamp": 1736766763547, "change_id": 84746704404, "instrument_name": "BTC-17JAN25", "bids": [[91412.5, 10200.0], [91410.0, 2500.0], [91405.0, 4500.0], [91402.5, 15000.0], [91397.5, 1260.0], [91395.0, 8540.0], [91392.5, 14340.0], [91390.0, 120.0], [91375.0, 20.0], [91372.5, 2100.0], [91370.0, 7000.0], [91367.5, 600.0], [91365.0, 15320.0], [91362.5, 44400.0], [91360.0, 2110.0], [91357.5, 7000.0], [91355.0, 3140.0], [91350.0, 2100.0], [91347.5, 7000.0], [91340.0, 2110.0]], "asks": [[91415.0, 11200.0], [91417.5, 15020.0], [91420.0, 7000.0], [91422.5, 4200.0], [91425.0, 36590.0], [91427.5, 61200.0], [91430.0, 20.0], [91435.0, 4910.0], [91437.5, 10120.0], [91445.0, 9390.0], [91447.5, 17020.0], [91450.0, 2120.0], [91455.0, 3500.0], [91457.5, 7000.0], [91465.0, 11020.0], [91467.5, 22300.0], [91477.5, 3500.0], [91480.0, 7000.0], [91485.0, 20.0], [91490.0, 25410.0]]}}}
{"jsonrpc": "2.0", "method": "subscription", "params": {"channel": "book.BTC-24JAN25.none.20.100ms", "data": {"timestamp": 1736766763556, "change_id": 84746704421, "instrument_name": "BTC-24JAN25", "bids": [[91605.0, 13000.0], [91600.0, 990.0], [91597.5, 3300.0], [91595.0, 3000.0], [91592.5, 10000.0], [91590.0, 1840.0], [91587.5, 3300.0], [91585.0, 3250.0], [91582.5, 2210.0], [91580.0, 9010.0], [91577.5, 5500.0], [91575.0, 4520.0], [91572.5, 16250.0], [91570.0, 1660.0], [91567.5, 5500.0], [91565.0, 20.0], [91562.5, 980.0], [91560.0, 3250.0], [91557.5, 4460.0], [91555.0, 14790.0]], "asks": [[91610.0, 7670.0], [91612.5, 8970.0], [91615.0, 3230.0], [91617.5, 3300.0], [91620.0, 10940.0], [91622.5, 5500.0], [91625.0, 35010.0], [91627.5, 50000.0], [91630.0, 2770.0], [91632.5, 5500.0], [91640.0, 2750.0], [91642.5, 5500.0], [91647.5, 1640.0], [91650.0, 3270.0], [91655.0, 2760.0], [91660.0, 5520.0], [91667.5, 7900.0], [91670.0, 15760.0], [91672.5, 2750.0], [91675.0, 5500.0]]}}}
{"jsonrpc": "2.0", "method": "subscription", "params": {"channel": "book.BTC-17JAN25.none.20.100ms", "data": {"timestamp": 1736766763809, "change_id": 84746704710, "instrument_name": "BTC-17JAN25", "bids": [[91412.5, 10200.0], [91410.0, 2500.0], [91405.0, 4500.0], [91402.5, 15000.0], [91397.5, 1260.0], [91395.0, 8540.0], [91392.5, 14340.0], [91390.0, 120.0], [91375.0, 15440.0], [91372.5, 44400.0], [91370.0, 7000.0], [91367.5, 600.0], [91365.0, 2000.0], [91360.0, 2110.0], [91357.5, 7000.0], [91355.0, 3140.0], [91350.0, 2100.0], [91347.5, 7000.0], [91340.0, 2110.0], [91337.5, 7020.0]], "asks": [[91415.0, 4200.0], [91417.5, 15020.0], [91420.0, 7000.0], [91422.5, 4200.0], [91425.0, 36590.0], [91427.5, 61200.0], [91430.0, 20.0], [91435.0, 4910.0], [91437.5, 10120.0], [91445.0, 9390.0], [91447.5, 17020.0], [91450.0, 2120.0], [91455.0, 3500.0], [91457.5, 7000.0], [91465.0, 11020.0], [91467.5, 22300.0], [91477.5, 25410.0], [91480.0, 51120.0], [91485.0, 20.0], [91490.0, 3500.0]]}}}
{"jsonrpc": "2.0", "method": "subscription", "params": {"channel": "book.BTC-24JAN25.none.20.100ms", "data": {"timestamp": 1736766763722, "change_id": 84746704593, "instrument_name": "BTC-24JAN25", "bids": [[91605.0, 23000.0], [91600.0, 2520.0], [91597.5, 3300.0], [91595.0, 5500.0], [91590.0, 1840.0], [91587.5, 3300.0], [91585.0, 3250.0], [91582.5, 2210.0], [91580.0, 9010.0], [91577.5, 5500.0], [91575.0, 4520.0], [91572.5, 16250.0], [91570.0, 1660.0], [91567.5, 5500.0], [91565.0, 20.0], [91562.5, 980.0], [91560.0, 3250.0], [91557.5, 4460.0], [91555.0, 14790.0], [91552.5, 1650.0]], "asks": [[91610.0, 1610.0], [91612.5, 3470.0], [91615.0, 1650.0], [91617.5, 3300.0], [91620.0, 2750.0], [91622.5, 5500.0], [91625.0, 25010.0], [91630.0, 52770.0], [91632.5, 5500.0], [91635.0, 5000.0], [91637.5, 10000.0], [91640.0, 2750.0], [91642.5, 5500.0], [91647.5, 1640.0], [91650.0, 3270.0], [91655.0, 2760.0], [91660.0, 5520.0], [91667.5, 7900.0], [91670.0, 15760.0], [91672.5, 2750.0]]}}}
{"jsonrpc": "2.0", "method": "subscription", "params": {"channel": "book.BTC-17JAN25.none.20.100ms", "data": {"timestamp": 1736766764202, "change_id": 84746704952, "instrument_name": "BTC-17JAN25", "bids": [[91412.5, 10200.0], [91410.0, 2500.0], [91405.0, 4500.0], [91402.5, 15000.0], [91397.5, 1260.0], [91395.0, 8540.0], [91392.5, 14340.0], [91390.0, 120.0], [91375.0, 15440.0], [91372.5, 44400.0], [91370.0, 7000.0], [91367.5, 600.0], [91365.0, 2000.0], [91360.0, 2110.0], [91357.5, 7000.0], [91355.0, 3140.0], [91350.0, 2100.0], [91347.5, 7000.0], [91340.0, 2110.0], [91337.5, 7020.0]], "asks": [[91415.0, 11200.0], [91417.5, 15020.0], [91420.0, 7000.0], [91422.5, 4200.0], [91425.0, 36590.0], [91427.5, 61200.0], [91430.0, 20.0], [91435.0, 4910.0], [91437.5, 10120.0], [91445.0, 9390.0], [91447.5, 17020.0], [91450.0, 2120.0], [91455.0, 3500.0], [91457.5, 7000.0], [91465.0, 11020.0], [91467.5, 22300.0], [91477.5, 25410.0], [91480.0, 51120.0], [91485.0, 20.0], [91490.0, 3500.0]]}}}
{"jsonrpc": "2.0", "method": "subscription", "params": {"channel": "book.BTC-17JAN25.none.20.100ms", "data": {"timestamp": 1736766764248, "change_id": 84746705034, "instrument_name": "BTC-17JAN25", "bids": [[91412.5, 10200.0], [91410.0, 2500.0], [91407.5, 4200.0], [91405.0, 4500.0], [91402.5, 15000.0], [91397.5, 1260.0], [91395.0, 8540.0], [91392.5, 14340.0], [91390.0, 120.0], [91375.0, 15440.0], [91372.5, 44400.0], [91370.0, 7000.0], [91367.5, 600.0], [91365.0, 2000.0], [91360.0, 2110.0], [91357.5, 7000.0], [91355.0, 3140.0], [91350.0, 2100.0], [91347.5, 7000.0], [91340.0, 2110.0]], "asks": [[91415.0, 11200.0], [91417.5, 15020.0], [91420.0, 7000.0], [91422.5, 4200.0], [91425.0, 36590.0], [91427.5, 61200.0], [91430.0, 20.0], [91435.0, 4910.0], [91437.5, 10120.0], [91445.0, 9390.0], [91447.5, 17020.0], [91450.0, 2120.0], [91455.0, 3500.0], [91457.5, 7000.0], [91465.0, 11020.0], [91467.5, 22300.0], [91477.5, 25410.0], [91480.0, 51120.0], [91485.0, 20.0], [91490.0, 3500.0]]}}}
{"jsonrpc": "2.0", "method": "subscription", "params": {"channel": "book.BTC-24JAN25.none.20.100ms", "data": {"timestamp": 1736766764291, "change_id": 84746705110, "instrument_name": "BTC-24JAN25", "bids": [[91607.5, 18190.0], [91605.0, 16300.0], [91600.0, 2520.0], [91597.5, 3300.0], [91595.0, 5500.0], [91590.0, 1840.0], [91587.5, 3300.0], [91585.0, 3250.0], [91582.5, 2210.0], [91580.0, 9010.0], [91577.5, 5500.0], [91575.0, 4520.0], [91572.5, 16250.0], [91570.0, 1660.0], [91567.5, 5500.0], [91565.0, 20.0], [91562.5, 980.0], [91560.0, 3250.0], [91557.5, 4460.0], [91555.0, 14790.0]], "asks": [[91612.5, 3470.0], [91615.0, 1650.0], [91617.5, 3300.0], [91620.0, 2750.0], [91622.5, 5500.0], [91630.0, 27660.0], [91632.5, 55500.0], [91635.0, 5000.0], [91637.5, 10000.0], [91640.0, 2750.0], [91642.5, 5500.0], [91647.5, 1640.0], [91650.0, 3270.0], [91655.0, 2760.0], [91660.0, 5520.0], [91667.5, 7900.0], [91670.0, 15760.0], [91672.5, 2750.0], [91675.0, 5500.0], [91680.0, 2720.0]]}}}
{"jsonrpc": "2.0", "method": "subscription", "params": {"channel": "book.BTC-17JAN25.none.20.100ms", "data": {"timestamp": 1736766764739, "change_id": 84746705317, "instrument_name": "BTC-17JAN25", "bids": [[91412.5, 10200.0], [91410.0, 2500.0], [91405.0, 4500.0], [91402.5, 15000.0], [91397.5, 1260.0], [91395.0, 8540.0], [91392.5, 14340.0], [91390.0, 120.0], [91375.0, 15440.0], [91372.5, 44400.0], [91370.0, 7000.0], [91367.5, 600.0], [91365.0, 2000.0], [91360.0, 2110.0], [91357.5, 7000.0], [91355.0, 3140.0], [91350.0, 2100.0], [91347.5, 7000.0], [91340.0, 2110.0], [91337.5, 7020.0]], "asks": [[91415.0, 11200.0], [91417.5, 15020.0], [91420.0, 7000.0], [91422.5, 4200.0], [91425.0, 36590.0], [91427.5, 61200.0], [91430.0, 20.0], [91435.0, 4910.0], [91437.5, 10120.0], [91445.0, 9390.0], [91447.5, 17020.0], [91450.0, 2120.0], [91455.0, 3500.0], [91457.5, 7000.0], [91465.0, 11020.0], [91467.5, 22300.0], [91477.5, 25410.0], [91480.0, 51120.0], [91485.0, 20.0], [91490.0, 3500.0]]}}}
