{"jsonrpc": "2.0", "method": "subscription", "params": {"channel": "book.BTC-14FEB25.none.20.100ms", "data": {"timestamp": 1738962093776, "change_id": 87306734153, "instrument_name": "BTC-14FEB25", "bids": [[96030.0, 11200.0], [96027.5, 20120.0], [96022.5, 1200.0], [96020.0, 18200.0], [96017.5, 60650.0], [96012.5, 28040.0], [96010.0, 76800.0], [96005.0, 1460.0], [96002.5, 4850.0], [96000.0, 10.0], [95990.0, 1500.0], [95987.5, 5000.0], [95980.0, 1510.0], [95977.5, 5000.0], [95970.0, 40.0], [95967.5, 18340.0], [95965.0, 61120.0], [95962.5, 1510.0], [95960.0, 5020.0], [95952.5, 1500.0]], "asks": [[96032.5, 4850.0], [96040.0, 10.0], [96060.0, 10.0], [96065.0, 40.0], [96067.5, 1540.0], [96070.0, 5120.0], [96077.5, 4500.0], [96080.0, 15010.0], [96087.5, 1500.0], [96090.0, 5000.0], [96092.5, 15000.0], [96095.0, 65070.0], [96097.5, 45230.0], [96100.0, 5010.0], [96107.5, 1500.0], [96110.0, 5010.0], [96117.5, 1500.0], [96120.0, 5010.0], [96127.5, 2100.0], [96130.0, 7000.0]]}}}
{"jsonrpc": "2.0", "method": "subscription", "params": {"channel": "book.BTC-21FEB25.none.20.100ms", "data": {"timestamp": 1738962093777, "change_id": 87306734154, "instrument_name": "BTC-21FEB25", "bids": [[96165.0, 10000.0], [96160.0, 6000.0], [96157.5, 20000.0], [96152.5, 530.0], [96140.0, 1450.0], [96137.5, 4840.0], [96117.5, 10.0], [96087.5, 5090.0], [96085.0, 16970.0], [96070.0, 10.0], [96047.5, 600.0], [96045.0, 2000.0], [96032.5, 600.0], [96030.0, 2000.0], [96000.0, 22650.0], [95970.0, 22570.0], [95967.5, 105000.0], [95965.0, 46330.0], [95917.5, 45120.0], [95840.0, 50000.0]], "asks": [[96170.0, 4840.0], [96187.5, 10.0], [96192.5, 2890.0], [96195.0, 9640.0], [96207.5, 3000.0], [96210.0, 10000.0], [96232.5, 600.0], [96235.0, 2010.0], [96250.0, 15000.0], [96252.5, 50000.0], [96257.5, 4920.0], [96260.0, 16410.0], [96295.0, 4450.0], [96297.5, 14840.0], [96322.5, 22230.0], [96357.5, 45490.0], [96380.0, 46050.0], [96432.5, 105000.0], [96492.5, 43820.0], [96495.0, 9640.0]]}}}
{"jsonrpc": "2.0", "method": "subscription", "params": {"channel": "book.BTC-21FEB25.none.20.100ms", "data": {"timestamp": 1738962094059, "change_id": 87306734803, "instrument_name": "BTC-21FEB25", "bids": [[96172.5, 10000.0], [96157.5, 20000.0], [96152.5, 530.0], [96140.0, 1450.0], [96137.5, 4840.0], [96117.5, 10.0], [96087.5, 5090.0], [96085.0, 16970.0], [96070.0, 10.0], [96045.0, 2000.0], [96030.0, 2000.0], [96002.5, 6800.0], [96000.0, 22650.0], [95970.0, 22570.0], [95967.5, 105000.0], [95965.0, 46330.0], [95917.5, 45120.0], [95840.0, 50000.0], [95785.0, 210000.0], [95742.5, 50000.0]], "asks": [[96177.5, 4840.0], [96187.5, 10.0], [96192.5, 2890.0], [96195.0, 9640.0], [96210.0, 10000.0], [96235.0, 2010.0], [96257.5, 50000.0], [96260.0, 16410.0], [96295.0, 4450.0], [96297.5, 14840.0], [96322.5, 22230.0], [96357.5, 45490.0], [96380.0, 46050.0], [96432.5, 105000.0], [96492.5, 43820.0], [96495.0, 9640.0], [96525.0, 50000.0], [96532.5, 210000.0], [96700.0, 52820.0], [96702.5, 44220.0]]}}}
{"jsonrpc": "2.0", "method": "subscription", "params": {"channel": "book.BTC-14FEB25.none.20.100ms", "data": {"timestamp": 1738962094065, "change_id": 87306734816, "instrument_name": "BTC-14FEB25", "bids": [[96037.5, 11740.0], [96035.0, 1920.0], [96032.5, 1200.0], [96030.0, 7240.0], [96027.5, 20120.0], [96022.5, 18840.0], [96020.0, 60650.0], [96012.5, 28040.0], [96010.0, 76800.0], [96005.0, 1460.0], [96002.5, 4850.0], [96000.0, 10.0], [95990.0, 1500.0], [95987.5, 5000.0], [95980.0, 1510.0], [95977.5, 5000.0], [95970.0, 40.0], [95967.5, 18340.0], [95965.0, 61120.0], [95962.5, 1510.0]], "asks": [[96040.0, 4860.0], [96060.0, 10.0], [96065.0, 40.0], [96067.5, 1540.0], [96070.0, 5120.0], [96077.5, 4500.0], [96080.0, 15010.0], [96087.5, 1500.0], [96090.0, 5000.0], [96092.5, 15000.0], [96095.0, 65070.0], [96097.5, 45230.0], [96100.0, 5010.0], [96107.5, 1500.0], [96110.0, 5010.0], [96117.5, 1500.0], [96120.0, 5010.0], [96127.5, 2100.0], [96130.0, 7000.0], [96137.5, 1500.0]]}}}
{"jsonrpc": "2.0", "method": "subscription", "params": {"channel": "book.BTC-14FEB25.none.20.100ms", "data": {"timestamp": 1738962094487, "change_id": 87306735997, "instrument_name": "BTC-14FEB25", "bids": [[96037.5, 11740.0], [96035.0, 1920.0], [96032.5, 1200.0], [96030.0, 7240.0], [96027.5, 25120.0], [96022.5, 1200.0], [96017.5, 13740.0], [96015.0, 60650.0], [96012.5, 28040.0], [96010.0, 81650.0], [96000.0, 10.0], [95990.0, 1500.0], [95987.5, 5000.0], [95980.0, 1510.0], [95977.5, 5000.0], [95970.0, 40.0], [95967.5, 18340.0], [95965.0, 61120.0], [95960.0, 5020.0], [95952.5, 1500.0]], "asks": [[96040.0, 10.0], [96060.0, 10.0], [96062.5, 1200.0], [96065.0, 40.0], [96070.0, 120.0], [96077.5, 4500.0], [96080.0, 15010.0], [96087.5, 1500.0], [96090.0, 5000.0], [96095.0, 15070.0], [96097.5, 45230.0], [96100.0, 5010.0], [96107.5, 1500.0], [96110.0, 5010.0], [96117.5, 1500.0], [96120.0, 5010.0], [96130.0, 7000.0], [96140.0, 55010.0], [96145.0, 26950.0], [96147.5, 26510.0]]}}}
{"jsonrpc": "2.0", "method": "subscription", "params": {"channel": "book.BTC-21FEB25.none.20.100ms", "data": {"timestamp": 1738962094487, "change_id": 87306736002, "instrument_name": "BTC-21FEB25", "bids": [[96175.0, 3000.0], [96172.5, 10000.0], [96170.0, 6000.0], [96167.5, 20000.0], [96152.5, 530.0], [96145.0, 4910.0], [96142.5, 16350.0], [96117.5, 10.0], [96070.0, 10.0], [96047.5, 600.0], [96045.0, 2000.0], [96032.5, 600.0], [96030.0, 2000.0], [96002.5, 6800.0], [96000.0, 22650.0], [95970.0, 22570.0], [95967.5, 105000.0], [95965.0, 46330.0], [95917.5, 45120.0], [95840.0, 50000.0]], "asks": [[96187.5, 10.0], [96192.5, 2890.0], [96195.0, 9640.0], [96232.5, 600.0], [96235.0, 2010.0], [96272.5, 19260.0], [96275.0, 66210.0], [96295.0, 4450.0], [96297.5, 14840.0], [96320.0, 6670.0], [96322.5, 22230.0], [96357.5, 45490.0], [96380.0, 46050.0], [96432.5, 105000.0], [96492.5, 43820.0], [96495.0, 9640.0], [96525.0, 50000.0], [96532.5, 210000.0], [96700.0, 52820.0], [96702.5, 44220.0]]}}}
{"jsonrpc": "2.0", "method": "subscription", "params": {"channel": "book.BTC-14FEB25.none.20.100ms", "data": {"timestamp": 1738962094579, "change_id": 87306736288, "instrument_name": "BTC-14FEB25", "bids": [[96037.5, 11860.0], [96035.0, 1920.0], [96032.5, 1200.0], [96030.0, 7240.0], [96027.5, 25000.0], [96022.5, 1200.0], [96017.5, 13740.0], [96015.0, 65500.0], [96012.5, 5000.0], [96010.0, 76800.0], [96000.0, 10.0], [95990.0, 1500.0], [95987.5, 5000.0], [95980.0, 1510.0], [95977.5, 5000.0], [95970.0, 40.0], [95965.0, 61120.0], [95962.5, 1510.0], [95960.0, 5020.0], [95952.5, 1500.0]], "asks": [[96040.0, 10.0], [96047.5, 4850.0], [96060.0, 10.0], [96062.5, 1200.0], [96065.0, 40.0], [96077.5, 4500.0], [96080.0, 15010.0], [96082.5, 120.0], [96087.5, 1500.0], [96090.0, 5000.0], [96095.0, 15070.0], [96097.5, 45230.0], [96100.0, 5010.0], [96110.0, 5010.0], [96120.0, 5010.0], [96127.5, 2100.0], [96130.0, 7000.0], [96137.5, 16500.0], [96140.0, 55010.0], [96147.5, 26510.0]]}}}
{"jsonrpc": "2.0", "method": "subscription", "params": {"channel": "book.BTC-21FEB25.none.20.100ms", "data": {"timestamp": 1738962094493, "change_id": 87306736030, "instrument_name": "BTC-21FEB25", "bids": [[96175.0, 10000.0], [96170.0, 6000.0], [96167.5, 20000.0], [96152.5, 5370.0], [96145.0, 4910.0], [96142.5, 16350.0], [96117.5, 10.0], [96070.0, 10.0], [96047.5, 600.0], [96045.0, 2000.0], [96032.5, 600.0], [96030.0, 2000.0], [96002.5, 6800.0], [96000.0, 22650.0], [95970.0, 22570.0], [95967.5, 105000.0], [95965.0, 46330.0], [95917.5, 45120.0], [95840.0, 50000.0], [95785.0, 210000.0]], "asks": [[96185.0, 4840.0], [96187.5, 10.0], [96192.5, 2890.0], [96195.0, 9640.0], [96225.0, 10000.0], [96232.5, 600.0], [96235.0, 2010.0], [96272.5, 19260.0], [96275.0, 66210.0], [96295.0, 4450.0], [96297.5, 14840.0], [96322.5, 22230.0], [96357.5, 45490.0], [96380.0, 46050.0], [96432.5, 105000.0], [96492.5, 43820.0], [96495.0, 9640.0], [96525.0, 50000.0], [96532.5, 210000.0], [96700.0, 52820.0]]}}}
{"jsonrpc": "2.0", "method": "subscription", "params": {"channel": "book.BTC-14FEB25.none.20.100ms", "data": {"timestamp": 1738962095126, "change_id": 87306737429, "instrument_name": "BTC-14FEB25", "bids": [[96037.5, 11860.0], [96035.0, 1920.0], [96032.5, 1200.0], [96030.0, 7240.0], [96027.5, 25000.0], [96022.5, 1200.0], [96017.5, 13740.0], [96015.0, 65500.0], [96012.5, 5000.0], [96000.0, 10.0], [95990.0, 1500.0], [95987.5, 5000.0], [95980.0, 1510.0], [95977.5, 5000.0], [95970.0, 40.0], [95967.5, 18340.0], [95965.0, 61120.0], [95962.5, 1510.0], [95960.0, 5020.0], [95952.5, 1500.0]], "asks": [[96040.0, 10.0], [96047.5, 4850.0], [96060.0, 10.0], [96062.5, 1200.0], [96065.0, 40.0], [96077.5, 4500.0], [96080.0, 15010.0], [96082.5, 120.0], [96087.5, 1500.0], [96090.0, 5000.0], [96095.0, 15070.0], [96097.5, 45230.0], [96100.0, 5010.0], [96107.5, 1500.0], [96110.0, 5010.0], [96120.0, 5010.0], [96127.5, 2100.0], [96130.0, 7000.0], [96140.0, 55010.0], [96147.5, 26510.0]]}}}
{"jsonrpc": "2.0", "method": "subscription", "params": {"channel": "book.BTC-21FEB25.none.20.100ms", "data": {"timestamp": 1738962095076, "change_id": 87306737438, "instrument_name": "BTC-21FEB25", "bids": [[96180.0, 10000.0], [96170.0, 6000.0], [96167.5, 20000.0], [96155.0, 1610.0], [96152.5, 5370.0], [96145.0, 4910.0], [96142.5, 16350.0], [96117.5, 10.0], [96070.0, 10.0], [96047.5, 600.0], [96045.0, 2000.0], [96032.5, 600.0], [96030.0, 2000.0], [96002.5, 6800.0], [96000.0, 22650.0], [95970.0, 22570.0], [95967.5, 105000.0], [95965.0, 46330.0], [95917.5, 45120.0], [95840.0, 50000.0]], "asks": [[96185.0, 4840.0], [96187.5, 10.0], [96192.5, 2890.0], [96195.0, 9640.0], [96222.5, 3000.0], [96225.0, 10000.0], [96232.5, 600.0], [96235.0, 2010.0], [96267.5, 15000.0], [96270.0, 50000.0], [96272.5, 4860.0], [96275.0, 16210.0], [96295.0, 4450.0], [96297.5, 14840.0], [96322.5, 22230.0], [96357.5, 45490.0], [96380.0, 46050.0], [96432.5, 105000.0], [96492.5, 43820.0], [96495.0, 9640.0]]}}}
{"jsonrpc": "2.0", "method": "subscription", "params": {"channel": "book.BTC-14FEB25.none.20.100ms", "data": {"timestamp": 1738962095480, "change_id": 87306738142, "instrument_name": "BTC-14FEB25", "bids": [[96037.5, 11860.0], [96035.0, 720.0], [96032.5, 1200.0], [96030.0, 7240.0], [96027.5, 25000.0], [96017.5, 13740.0], [96015.0, 62150.0], [96012.5, 5000.0], [96010.0, 1460.0], [96007.5, 4850.0], [96000.0, 10.0], [95990.0, 1500.0], [95987.5, 5000.0], [95980.0, 1510.0], [95977.5, 5000.0], [95970.0, 40.0], [95967.5, 18340.0], [95965.0, 61120.0], [95962.5, 1510.0], [95960.0, 5020.0]], "asks": [[96040.0, 10.0], [96060.0, 10.0], [96062.5, 1200.0], [96065.0, 40.0], [96077.5, 9000.0], [96080.0, 15010.0], [96082.5, 120.0], [96087.5, 1500.0], [96090.0, 5000.0], [96095.0, 15070.0], [96097.5, 45230.0], [96100.0, 5010.0], [96107.5, 1500.0], [96110.0, 5010.0], [96117.5, 1500.0], [96120.0, 5010.0], [96127.5, 2100.0], [96130.0, 7000.0], [96137.5, 16500.0], [96140.0, 55010.0]]}}}
{"jsonrpc": "2.0", "method": "subscription", "params": {"channel": "book.BTC-21FEB25.none.20.100ms", "data": {"timestamp": 1738962095156, "change_id": 87306738127, "instrument_name": "BTC-21FEB25", "bids": [[96180.0, 30000.0], [96152.5, 530.0], [96147.5, 1450.0], [96145.0, 9750.0], [96142.5, 16350.0], [96117.5, 10.0], [96070.0, 10.0], [96047.5, 600.0], [96045.0, 2000.0], [96030.0, 2000.0], [96002.5, 6800.0], [96000.0, 22650.0], [95970.0, 22570.0], [95967.5, 105000.0], [95965.0, 46330.0], [95917.5, 45120.0], [95840.0, 50000.0], [95785.0, 210000.0], [95742.5, 50000.0], [95565.0, 300000.0]], "asks": [[96185.0, 4840.0], [96187.5, 10.0], [96195.0, 9640.0], [96222.5, 3000.0], [96225.0, 10000.0], [96232.5, 600.0], [96235.0, 2010.0], [96267.5, 15000.0], [96270.0, 50000.0], [96275.0, 16210.0], [96297.5, 14840.0], [96322.5, 22230.0], [96357.5, 45490.0], [96380.0, 46050.0], [96432.5, 105000.0], [96492.5, 43820.0], [96495.0, 9640.0], [96525.0, 50000.0], [96532.5, 210000.0], [96700.0, 52820.0]]}}}
{"jsonrpc": "2.0", "method": "subscription", "params": {"channel": "book.BTC-21FEB25.none.20.100ms", "data": {"timestamp": 1738962095661, "change_id": 87306738567, "instrument_name": "BTC-21FEB25", "bids": [[96182.5, 10000.0], [96180.0, 20000.0], [96152.5, 530.0], [96147.5, 1450.0], [96145.0, 9750.0], [96142.5, 16350.0], [96117.5, 10.0], [96070.0, 10.0], [96047.5, 600.0], [96045.0, 2000.0], [96032.5, 600.0], [96030.0, 2000.0], [96002.5, 6800.0], [96000.0, 22650.0], [95970.0, 22570.0], [95967.5, 105000.0], [95965.0, 46330.0], [95917.5, 45120.0], [95840.0, 50000.0], [95785.0, 210000.0]], "asks": [[96185.0, 4840.0], [96187.5, 10.0], [96192.5, 2890.0], [96195.0, 9640.0], [96225.0, 10000.0], [96232.5, 600.0], [96235.0, 2010.0], [96275.0, 16210.0], [96295.0, 50000.0], [96297.5, 14840.0], [96322.5, 22230.0], [96357.5, 45490.0], [96380.0, 46050.0], [96432.5, 105000.0], [96492.5, 43820.0], [96495.0, 9640.0], [96525.0, 50000.0], [96532.5, 210000.0], [96700.0, 52820.0], [96702.5, 44220.0]]}}}
{"jsonrpc": "2.0", "method": "subscription", "params": {"channel": "book.BTC-14FEB25.none.20.100ms", "data": {"timestamp": 1738962095667, "change_id": 87306738590, "instrument_name": "BTC-14FEB25", "bids": [[96037.5, 11860.0], [96035.0, 720.0], [96032.5, 1200.0], [96030.0, 26390.0], [96027.5, 83950.0], [96017.5, 19650.0], [96015.0, 65500.0], [96012.5, 5000.0], [96000.0, 10.0], [95987.5, 5000.0], [95980.0, 10.0], [95977.5, 5000.0], [95970.0, 40.0], [95965.0, 61120.0], [95960.0, 5020.0], [95950.0, 5000.0], [95947.5, 2000.0], [95940.0, 5010.0], [95922.5, 1500.0], [95920.0, 5010.0]], "asks": [[96040.0, 10.0], [96042.5, 4850.0], [96060.0, 10.0], [96062.5, 1200.0], [96065.0, 40.0], [96077.5, 4500.0], [96080.0, 15010.0], [96082.5, 120.0], [96090.0, 5000.0], [96095.0, 50000.0], [96097.5, 45230.0], [96100.0, 5010.0], [96110.0, 5010.0], [96120.0, 5010.0], [96130.0, 7000.0], [96140.0, 5010.0], [96145.0, 26950.0], [96147.5, 26510.0], [96150.0, 63320.0], [96160.0, 5010.0]]}}}
{"jsonrpc": "2.0", "method": "subscription", "params": {"channel": "book.BTC-21FEB25.none.20.100ms", "data": {"timestamp": 1738962096140, "change_id": 87306739621, "instrument_name": "BTC-21FEB25", "bids": [[96182.5, 10000.0], [96180.0, 20000.0], [96152.5, 530.0], [96147.5, 1450.0], [96145.0, 9750.0], [96142.5, 16350.0], [96117.5, 10.0], [96070.0, 10.0], [96047.5, 600.0], [96045.0, 2000.0], [96032.5, 600.0], [96030.0, 2000.0], [96002.5, 6800.0], [96000.0, 22650.0], [95970.0, 22570.0], [95967.5, 105000.0], [95965.0, 46330.0], [95917.5, 45120.0], [95840.0, 50000.0], [95785.0, 210000.0]], "asks": [[96185.0, 4840.0], [96187.5, 10.0], [96192.5, 2890.0], [96195.0, 9640.0], [96222.5, 3000.0], [96225.0, 10000.0], [96232.5, 600.0], [96235.0, 2010.0], [96272.5, 4860.0], [96275.0, 31210.0], [96277.5, 50000.0], [96320.0, 6670.0], [96322.5, 22230.0], [96355.0, 14840.0], [96357.5, 45490.0], [96380.0, 46050.0], [96432.5, 105000.0], [96492.5, 43820.0], [96495.0, 9640.0], [96525.0, 50000.0]]}}}
{"jsonrpc": "2.0", "method": "subscription", "params": {"channel": "book.BTC-14FEB25.none.20.100ms", "data": {"timestamp": 1738962096074, "change_id": 87306739285, "instrument_name": "BTC-14FEB25", "bids": [[96037.5, 11860.0], [96035.0, 720.0], [96032.5, 1200.0], [96030.0, 26390.0], [96027.5, 83950.0], [96017.5, 19650.0], [96015.0, 67000.0], [96012.5, 5000.0], [96000.0, 10.0], [95987.5, 5000.0], [95980.0, 10.0], [95977.5, 5000.0], [95970.0, 40.0], [95967.5, 18340.0], [95965.0, 61120.0], [95960.0, 5020.0], [95950.0, 5000.0], [95947.5, 2000.0], [95940.0, 5010.0], [95922.5, 1500.0]], "asks": [[96040.0, 10.0], [96042.5, 4850.0], [96060.0, 10.0], [96062.5, 1200.0], [96065.0, 40.0], [96077.5, 4500.0], [96080.0, 15010.0], [96082.5, 120.0], [96090.0, 5000.0], [96095.0, 65070.0], [96097.5, 45230.0], [96100.0, 5010.0], [96110.0, 5010.0], [96120.0, 5010.0], [96127.5, 2100.0], [96130.0, 7000.0], [96140.0, 5010.0], [96145.0, 26950.0], [96147.5, 26510.0], [96150.0, 63320.0]]}}}
{"jsonrpc": "2.0", "method": "subscription", "params": {"channel": "book.BTC-21FEB25.none.20.100ms", "data": {"timestamp": 1738962096362, "change_id": 87306740163, "instrument_name": "BTC-21FEB25", "bids": [[96182.5, 10000.0], [96180.0, 20000.0], [96155.0, 1610.0], [96152.5, 5370.0], [96145.0, 4910.0], [96142.5, 16350.0], [96117.5, 10.0], [96085.0, 2000.0], [96070.0, 10.0], [96032.5, 600.0], [96030.0, 2000.0], [96002.5, 6800.0], [96000.0, 22650.0], [95970.0, 22570.0], [95967.5, 105000.0], [95965.0, 46330.0], [95917.5, 45120.0], [95840.0, 50000.0], [95785.0, 210000.0], [95742.5, 50000.0]], "asks": [[96185.0, 4840.0], [96187.5, 10.0], [96195.0, 9640.0], [96222.5, 3000.0], [96225.0, 10000.0], [96235.0, 2010.0], [96300.0, 16680.0], [96320.0, 56670.0], [96322.5, 22230.0], [96355.0, 14840.0], [96357.5, 45490.0], [96380.0, 46050.0], [96432.5, 105000.0], [96492.5, 43820.0], [96495.0, 9640.0], [96525.0, 50000.0], [96532.5, 210000.0], [96700.0, 52820.0], [96702.5, 44220.0], [96802.5, 211300.0]]}}}
{"jsonrpc": "2.0", "method": "subscription", "params": {"channel": "book.BTC-14FEB25.none.20.100ms", "data": {"timestamp": 1738962096369, "change_id": 87306740096, "instrument_name": "BTC-14FEB25", "bids": [[96037.5, 11860.0], [96035.0, 4370.0], [96032.5, 1200.0], [96030.0, 41240.0], [96027.5, 83950.0], [96022.5, 13740.0], [96020.0, 45800.0], [96017.5, 1010.0], [96015.0, 4850.0], [96012.5, 5000.0], [96000.0, 10.0], [95987.5, 5000.0], [95980.0, 10.0], [95977.5, 5000.0], [95972.5, 61120.0], [95970.0, 40.0], [95960.0, 5020.0], [95950.0, 5000.0], [95947.5, 2000.0], [95940.0, 5010.0]], "asks": [[96040.0, 10.0], [96047.5, 4850.0], [96060.0, 10.0], [96062.5, 1200.0], [96065.0, 40.0], [96077.5, 1500.0], [96080.0, 5010.0], [96082.5, 120.0], [96090.0, 5000.0], [96092.5, 10000.0], [96097.5, 45230.0], [96100.0, 5010.0], [96110.0, 5010.0], [96120.0, 5010.0], [96127.5, 2100.0], [96130.0, 7000.0], [96140.0, 5010.0], [96147.5, 76510.0], [96150.0, 63320.0], [96157.5, 1500.0]]}}}
{"jsonrpc": "2.0", "method": "subscription", "params": {"channel": "book.BTC-21FEB25.none.20.100ms", "data": {"timestamp": 1738962096792, "change_id": 87306740718, "instrument_name": "BTC-21FEB25", "bids": [[96182.5, 10000.0], [96180.0, 20000.0], [96155.0, 1610.0], [96152.5, 5370.0], [96145.0, 4910.0], [96142.5, 16350.0], [96117.5, 10.0], [96087.5, 600.0], [96085.0, 2000.0], [96070.0, 10.0], [96032.5, 600.0], [96030.0, 2000.0], [96002.5, 6800.0], [96000.0, 22650.0], [95970.0, 22570.0], [95967.5, 105000.0], [95965.0, 46330.0], [95917.5, 45120.0], [95840.0, 50000.0], [95785.0, 210000.0]], "asks": [[96185.0, 4840.0], [96187.5, 10.0], [96192.5, 2890.0], [96195.0, 9640.0], [96222.5, 3000.0], [96225.0, 10000.0], [96232.5, 600.0], [96235.0, 2010.0], [96307.5, 15000.0], [96310.0, 50000.0], [96320.0, 6670.0], [96322.5, 22230.0], [96355.0, 14840.0], [96357.5, 45490.0], [96380.0, 46050.0], [96432.5, 105000.0], [96492.5, 43820.0], [96495.0, 9640.0], [96525.0, 50000.0], [96532.5, 210000.0]]}}}
{"jsonrpc": "2.0", "method": "subscription", "params": {"channel": "book.BTC-14FEB25.none.20.100ms", "data": {"timestamp": 1738962096653, "change_id": 87306740500, "instrument_name": "BTC-14FEB25", "bids": [[96037.5, 11860.0], [96035.0, 4370.0], [96032.5, 1200.0], [96030.0, 41240.0], [96027.5, 83950.0], [96022.5, 13740.0], [96020.0, 45800.0], [96017.5, 1010.0], [96015.0, 4850.0], [96012.5, 5000.0], [96000.0, 10.0], [95987.5, 5000.0], [95980.0, 10.0], [95977.5, 5000.0], [95972.5, 61120.0], [95970.0, 40.0], [95960.0, 5020.0], [95950.0, 5000.0], [95947.5, 2000.0], [95940.0, 5010.0]], "asks": [[96040.0, 10.0], [96045.0, 4850.0], [96060.0, 10.0], [96062.5, 1200.0], [96065.0, 40.0], [96077.5, 1500.0], [96080.0, 5010.0], [96082.5, 120.0], [96090.0, 5000.0], [96092.5, 10000.0], [96095.0, 50000.0], [96097.5, 45230.0], [96100.0, 5010.0], [96110.0, 5010.0], [96120.0, 5010.0], [96127.5, 2100.0], [96130.0, 7000.0], [96140.0, 5010.0], [96147.5, 26510.0], [96150.0, 63320.0]]}}}
{"jsonrpc": "2.0", "method": "subscription", "params": {"channel": "book.BTC-14FEB25.none.20.100ms", "data": {"timestamp": 1738962097079, "change_id": 87306741545, "instrument_name": "BTC-14FEB25", "bids": [[96037.5, 72510.0], [96035.0, 720.0], [96032.5, 1200.0], [96030.0, 26390.0], [96027.5, 83950.0], [96025.0, 1460.0], [96022.5, 4850.0], [96015.0, 1500.0], [96012.5, 5000.0], [96000.0, 10.0], [95987.5, 5000.0], [95985.0, 18340.0], [95982.5, 61120.0], [95980.0, 10.0], [95977.5, 5000.0], [95970.0, 40.0], [95960.0, 5020.0], [95952.5, 1500.0], [95950.0, 5000.0], [95947.5, 2000.0]], "asks": [[96040.0, 10.0], [96055.0, 4850.0], [96060.0, 10.0], [96065.0, 40.0], [96080.0, 10.0], [96082.5, 120.0], [96087.5, 1500.0], [96090.0, 5000.0], [96092.5, 25000.0], [96095.0, 50000.0], [96100.0, 5010.0], [96110.0, 5010.0], [96120.0, 5010.0], [96122.5, 13570.0], [96125.0, 45230.0], [96130.0, 7000.0], [96140.0, 5010.0], [96147.5, 26510.0], [96150.0, 5000.0], [96157.5, 1500.0]]}}}
{"jsonrpc": "2.0", "method": "subscription", "params": {"channel": "book.BTC-21FEB25.none.20.100ms", "data": {"timestamp": 1738962097073, "change_id": 87306741469, "instrument_name": "BTC-21FEB25", "bids": [[96182.5, 16000.0], [96180.0, 20000.0], [96162.5, 1450.0], [96160.0, 4840.0], [96152.5, 530.0], [96145.0, 4910.0], [96142.5, 16350.0], [96117.5, 10.0], [96087.5, 600.0], [96085.0, 2000.0], [96070.0, 10.0], [96032.5, 600.0], [96030.0, 2000.0], [96002.5, 6800.0], [96000.0, 22650.0], [95972.5, 6770.0], [95970.0, 22570.0], [95967.5, 105000.0], [95965.0, 46330.0], [95917.5, 45120.0]], "asks": [[96187.5, 10.0], [96190.0, 4840.0], [96195.0, 9640.0], [96222.5, 3000.0], [96225.0, 10000.0], [96232.5, 600.0], [96235.0, 2010.0], [96317.5, 15000.0], [96320.0, 73190.0], [96322.5, 22230.0], [96352.5, 4450.0], [96355.0, 14840.0], [96357.5, 45490.0], [96380.0, 46050.0], [96432.5, 105000.0], [96492.5, 43820.0], [96495.0, 9640.0], [96525.0, 50000.0], [96532.5, 210000.0], [96700.0, 52820.0]]}}}
{"jsonrpc": "2.0", "method": "subscription", "params": {"channel": "book.BTC-21FEB25.none.20.100ms", "data": {"timestamp": 1738962097451, "change_id": 87306742904, "instrument_name": "BTC-21FEB25", "bids": [[96182.5, 10000.0], [96180.0, 20000.0], [96170.0, 1450.0], [96167.5, 4840.0], [96152.5, 530.0], [96145.0, 4910.0], [96142.5, 16350.0], [96117.5, 10.0], [96085.0, 2000.0], [96070.0, 2010.0], [96000.0, 22650.0], [95970.0, 22570.0], [95967.5, 105000.0], [95965.0, 46330.0], [95917.5, 45120.0], [95840.0, 50000.0], [95785.0, 210000.0], [95742.5, 50000.0], [95565.0, 300000.0], [95530.0, 10.0]], "asks": [[96187.5, 10.0], [96195.0, 9640.0], [96200.0, 4840.0], [96235.0, 10.0], [96237.5, 10000.0], [96275.0, 600.0], [96277.5, 2000.0], [96312.5, 20020.0], [96315.0, 66740.0], [96320.0, 6670.0], [96322.5, 22230.0], [96355.0, 14840.0], [96357.5, 45490.0], [96380.0, 46050.0], [96432.5, 105000.0], [96492.5, 43820.0], [96495.0, 9640.0], [96525.0, 50000.0], [96532.5, 210000.0], [96700.0, 52820.0]]}}}
{"jsonrpc": "2.0", "method": "subscription", "params": {"channel": "book.BTC-14FEB25.none.20.100ms", "data": {"timestamp": 1738962097438, "change_id": 87306742846, "instrument_name": "BTC-14FEB25", "bids": [[96057.5, 30530.0], [96055.0, 1200.0], [96052.5, 1200.0], [96050.0, 1200.0], [96047.5, 120.0], [96040.0, 5000.0], [96032.5, 60650.0], [96030.0, 4850.0], [96027.5, 63950.0], [96012.5, 5000.0], [96000.0, 10.0], [95987.5, 5000.0], [95982.5, 61120.0], [95980.0, 10.0], [95977.5, 5000.0], [95970.0, 40.0], [95960.0, 5020.0], [95950.0, 5000.0], [95947.5, 2000.0], [95940.0, 5010.0]], "asks": [[96060.0, 10.0], [96062.5, 4850.0], [96065.0, 40.0], [96080.0, 10.0], [96092.5, 10000.0], [96097.5, 120.0], [96100.0, 5010.0], [96110.0, 5010.0], [96120.0, 5010.0], [96125.0, 95230.0], [96130.0, 5000.0], [96140.0, 5010.0], [96147.5, 26510.0], [96150.0, 5000.0], [96160.0, 5010.0], [96170.0, 7000.0], [96180.0, 5010.0], [96182.5, 58320.0], [96185.0, 10.0], [96190.0, 5000.0]]}}}
{"jsonrpc": "2.0", "method": "subscription", "params": {"channel": "book.BTC-14FEB25.none.20.100ms", "data": {"timestamp": 1738962097762, "change_id": 87306743836, "instrument_name": "BTC-14FEB25", "bids": [[96057.5, 30530.0], [96055.0, 1920.0], [96052.5, 1200.0], [96050.0, 1200.0], [96047.5, 120.0], [96042.5, 1500.0], [96040.0, 6460.0], [96037.5, 4850.0], [96035.0, 18200.0], [96032.5, 60650.0], [96027.5, 5000.0], [96020.0, 10.0], [96012.5, 5000.0], [96000.0, 10.0], [95987.5, 5000.0], [95982.5, 61120.0], [95980.0, 10.0], [95977.5, 5000.0], [95970.0, 40.0], [95960.0, 5020.0]], "asks": [[96060.0, 10.0], [96062.5, 4850.0], [96065.0, 40.0], [96080.0, 10.0], [96097.5, 1620.0], [96100.0, 5010.0], [96105.0, 10000.0], [96110.0, 5010.0], [96120.0, 5010.0], [96122.5, 28570.0], [96125.0, 95230.0], [96130.0, 5000.0], [96140.0, 5010.0], [96147.5, 26510.0], [96150.0, 5000.0], [96160.0, 5010.0], [96170.0, 7000.0], [96180.0, 5010.0], [96182.5, 58320.0], [96185.0, 10.0]]}}}
{"jsonrpc": "2.0", "method": "subscription", "params": {"channel": "book.BTC-21FEB25.none.20.100ms", "data": {"timestamp": 1738962097727, "change_id": 87306743751, "instrument_name": "BTC-21FEB25", "bids": [[96182.5, 16000.0], [96180.0, 20000.0], [96170.0, 1450.0], [96167.5, 4840.0], [96160.0, 23080.0], [96157.5, 76920.0], [96152.5, 530.0], [96145.0, 4910.0], [96142.5, 16350.0], [96117.5, 10.0], [96087.5, 600.0], [96085.0, 2000.0], [96072.5, 600.0], [96070.0, 2010.0], [96000.0, 22650.0], [95970.0, 22570.0], [95967.5, 105000.0], [95965.0, 46330.0], [95917.5, 45120.0], [95840.0, 50000.0]], "asks": [[96187.5, 10.0], [96195.0, 9640.0], [96200.0, 4840.0], [96235.0, 3010.0], [96237.5, 10000.0], [96260.0, 4930.0], [96262.5, 16430.0], [96272.5, 15000.0], [96275.0, 50600.0], [96277.5, 2000.0], [96320.0, 6670.0], [96322.5, 22230.0], [96355.0, 14840.0], [96357.5, 45490.0], [96380.0, 46050.0], [96432.5, 105000.0], [96492.5, 43820.0], [96495.0, 9640.0], [96525.0, 50000.0], [96532.5, 210000.0]]}}}
{"jsonrpc": "2.0", "method": "subscription", "params": {"channel": "book.BTC-14FEB25.none.20.100ms", "data": {"timestamp": 1738962098082, "change_id": 87306744467, "instrument_name": "BTC-14FEB25", "bids": [[96057.5, 30650.0], [96055.0, 1920.0], [96052.5, 1200.0], [96050.0, 1200.0], [96042.5, 1500.0], [96040.0, 29320.0], [96037.5, 81680.0], [96035.0, 18200.0], [96032.5, 60650.0], [96030.0, 1500.0], [96027.5, 5000.0], [96020.0, 10.0], [96015.0, 1500.0], [96012.5, 5000.0], [96000.0, 10.0], [95990.0, 1500.0], [95987.5, 5000.0], [95985.0, 18340.0], [95982.5, 61120.0], [95980.0, 1510.0]], "asks": [[96060.0, 10.0], [96062.5, 4850.0], [96065.0, 40.0], [96080.0, 10.0], [96087.5, 1500.0], [96090.0, 5000.0], [96097.5, 1620.0], [96100.0, 5010.0], [96102.5, 3000.0], [96105.0, 10000.0], [96107.5, 1500.0], [96110.0, 5010.0], [96117.5, 16500.0], [96120.0, 55010.0], [96122.5, 13570.0], [96125.0, 45230.0], [96127.5, 1500.0], [96130.0, 5000.0], [96137.5, 1500.0], [96140.0, 5010.0]]}}}
{"jsonrpc": "2.0", "method": "subscription", "params": {"channel": "book.BTC-21FEB25.none.20.100ms", "data": {"timestamp": 1738962098080, "change_id": 87306744681, "instrument_name": "BTC-21FEB25", "bids": [[96182.5, 16000.0], [96180.0, 20000.0], [96170.0, 1450.0], [96167.5, 4840.0], [96160.0, 23080.0], [96157.5, 76920.0], [96152.5, 530.0], [96145.0, 4910.0], [96142.5, 16350.0], [96117.5, 10.0], [96087.5, 600.0], [96085.0, 2000.0], [96072.5, 600.0], [96070.0, 2010.0], [96000.0, 22650.0], [95970.0, 22570.0], [95967.5, 105000.0], [95965.0, 46330.0], [95917.5, 45120.0], [95840.0, 50000.0]], "asks": [[96187.5, 10.0], [96195.0, 9640.0], [96200.0, 4840.0], [96235.0, 3010.0], [96237.5, 10000.0], [96260.0, 4930.0], [96262.5, 16430.0], [96272.5, 15000.0], [96275.0, 50600.0], [96277.5, 2000.0], [96320.0, 6670.0], [96322.5, 22230.0], [96355.0, 14840.0], [96357.5, 45490.0], [96380.0, 46050.0], [96432.5, 105000.0], [96492.5, 43820.0], [96495.0, 9640.0], [96525.0, 50000.0], [96532.5, 210000.0]]}}}
{"jsonrpc": "2.0", "method": "subscription", "params": {"channel": "book.BTC-14FEB25.none.20.100ms", "data": {"timestamp": 1738962098222, "change_id": 87306744934, "instrument_name": "BTC-14FEB25", "bids": [[96057.5, 30650.0], [96055.0, 1200.0], [96052.5, 1200.0], [96042.5, 1500.0], [96040.0, 29320.0], [96037.5, 76830.0], [96035.0, 18200.0], [96032.5, 60650.0], [96030.0, 6350.0], [96027.5, 5000.0], [96020.0, 10.0], [96015.0, 1500.0], [96012.5, 5000.0], [96000.0, 10.0], [95990.0, 1500.0], [95987.5, 5000.0], [95985.0, 18340.0], [95982.5, 61120.0], [95980.0, 1510.0], [95977.5, 5000.0]], "asks": [[96060.0, 10.0], [96062.5, 4850.0], [96065.0, 40.0], [96077.5, 1200.0], [96080.0, 10.0], [96087.5, 1500.0], [96090.0, 5000.0], [96097.5, 1620.0], [96100.0, 5010.0], [96102.5, 3000.0], [96105.0, 10000.0], [96107.5, 1500.0], [96110.0, 5010.0], [96117.5, 16500.0], [96120.0, 55010.0], [96122.5, 13570.0], [96125.0, 45230.0], [96127.5, 1500.0], [96130.0, 5000.0], [96137.5, 1500.0]]}}}
{"jsonrpc": "2.0", "method": "subscription", "params": {"channel": "book.BTC-21FEB25.none.20.100ms", "data": {"timestamp": 1738962098788, "change_id": 87306745670, "instrument_name": "BTC-21FEB25", "bids": [[96185.0, 100.0], [96182.5, 16000.0], [96180.0, 20000.0], [96165.0, 1450.0], [96162.5, 4840.0], [96160.0, 23080.0], [96157.5, 76920.0], [96145.0, 4910.0], [96142.5, 23980.0], [96122.5, 4480.0], [96120.0, 14940.0], [96117.5, 10.0], [96087.5, 600.0], [96085.0, 2000.0], [96072.5, 600.0], [96070.0, 2010.0], [96000.0, 22650.0], [95967.5, 105000.0], [95965.0, 46330.0], [95917.5, 45120.0]], "asks": [[96187.5, 10.0], [96195.0, 9640.0], [96200.0, 4840.0], [96235.0, 3010.0], [96237.5, 10000.0], [96260.0, 4930.0], [96262.5, 16430.0], [96272.5, 15000.0], [96275.0, 50600.0], [96277.5, 2000.0], [96320.0, 6670.0], [96322.5, 22230.0], [96355.0, 14840.0], [96357.5, 45490.0], [96380.0, 46050.0], [96432.5, 105000.0], [96492.5, 43820.0], [96495.0, 9640.0], [96525.0, 50000.0], [96532.5, 210000.0]]}}}
{"jsonrpc": "2.0", "method": "subscription", "params": {"channel": "book.BTC-14FEB25.none.20.100ms", "data": {"timestamp": 1738962098751, "change_id": 87306745574, "instrument_name": "BTC-14FEB25", "bids": [[96057.5, 30650.0], [96055.0, 1200.0], [96052.5, 1200.0], [96040.0, 24320.0], [96037.5, 76830.0], [96035.0, 18200.0], [96032.5, 60650.0], [96030.0, 2770.0], [96027.5, 9850.0], [96020.0, 10.0], [96015.0, 1500.0], [96012.5, 5000.0], [96000.0, 10.0], [95990.0, 1500.0], [95987.5, 5000.0], [95985.0, 18340.0], [95982.5, 61120.0], [95980.0, 1510.0], [95977.5, 5000.0], [95970.0, 40.0]], "asks": [[96060.0, 10.0], [96062.5, 4850.0], [96065.0, 40.0], [96077.5, 1200.0], [96080.0, 10.0], [96087.5, 1500.0], [96090.0, 5000.0], [96097.5, 1620.0], [96100.0, 5010.0], [96102.5, 3000.0], [96105.0, 10000.0], [96107.5, 1500.0], [96110.0, 5010.0], [96117.5, 16500.0], [96120.0, 55010.0], [96122.5, 13570.0], [96125.0, 45230.0], [96127.5, 1500.0], [96130.0, 5000.0], [96137.5, 1500.0]]}}}
{"jsonrpc": "2.0", "method": "subscription", "params": {"channel": "book.BTC-21FEB25.none.20.100ms", "data": {"timestamp": 1738962098930, "change_id": 87306745806, "instrument_name": "BTC-21FEB25", "bids": [[96185.0, 100.0], [96182.5, 16000.0], [96180.0, 20000.0], [96165.0, 1450.0], [96162.5, 4840.0], [96160.0, 23080.0], [96157.5, 76920.0], [96145.0, 4910.0], [96142.5, 23980.0], [96122.5, 4480.0], [96120.0, 14940.0], [96117.5, 10.0], [96087.5, 600.0], [96085.0, 2000.0], [96072.5, 600.0], [96070.0, 2010.0], [96000.0, 22650.0], [95967.5, 105000.0], [95965.0, 46330.0], [95917.5, 45120.0]], "asks": [[96187.5, 10.0], [96192.5, 4840.0], [96195.0, 9640.0], [96235.0, 3010.0], [96237.5, 10000.0], [96260.0, 4930.0], [96262.5, 16430.0], [96272.5, 15000.0], [96275.0, 50600.0], [96277.5, 2000.0], [96320.0, 6670.0], [96322.5, 22230.0], [96355.0, 14840.0], [96357.5, 45490.0], [96380.0, 46050.0], [96432.5, 105000.0], [96492.5, 43820.0], [96495.0, 9640.0], [96525.0, 50000.0], [96532.5, 210000.0]]}}}
{"jsonrpc": "2.0", "method": "subscription", "params": {"channel": "book.BTC-14FEB25.none.20.100ms", "data": {"timestamp": 1738962099381, "change_id": 87306746589, "instrument_name": "BTC-14FEB25", "bids": [[96057.5, 30650.0], [96040.0, 24320.0], [96037.5, 76830.0], [96035.0, 18200.0], [96032.5, 60650.0], [96030.0, 2770.0], [96027.5, 9850.0], [96020.0, 10.0], [96015.0, 1500.0], [96012.5, 5000.0], [96000.0, 10.0], [95990.0, 1500.0], [95987.5, 5000.0], [95985.0, 18340.0], [95982.5, 61120.0], [95980.0, 1510.0], [95977.5, 5000.0], [95970.0, 40.0], [95962.5, 1510.0], [95960.0, 5020.0]], "asks": [[96060.0, 10.0], [96062.5, 4850.0], [96065.0, 40.0], [96080.0, 10.0], [96087.5, 1500.0], [96090.0, 5000.0], [96097.5, 1620.0], [96100.0, 5010.0], [96102.5, 3000.0], [96105.0, 10000.0], [96107.5, 1500.0], [96110.0, 5010.0], [96117.5, 16500.0], [96120.0, 55010.0], [96122.5, 13570.0], [96125.0, 45230.0], [96127.5, 1500.0], [96130.0, 5000.0], [96137.5, 1500.0], [96140.0, 5010.0]]}}}
{"jsonrpc": "2.0", "method": "subscription", "params": {"channel": "book.BTC-14FEB25.none.20.100ms", "data": {"timestamp": 1738962100110, "change_id": 87306747315, "instrument_name": "BTC-14FEB25", "bids": [[96057.5, 30650.0], [96035.0, 18200.0], [96032.5, 60650.0], [96030.0, 2770.0], [96027.5, 9850.0], [96020.0, 10.0], [96015.0, 1500.0], [96012.5, 5000.0], [96000.0, 10.0], [95990.0, 1500.0], [95987.5, 5000.0], [95985.0, 18340.0], [95982.5, 61120.0], [95980.0, 1510.0], [95977.5, 5000.0], [95970.0, 40.0], [95962.5, 1510.0], [95960.0, 5020.0], [95952.5, 1500.0], [95950.0, 5600.0]], "asks": [[96060.0, 10.0], [96062.5, 4850.0], [96065.0, 40.0], [96080.0, 10.0], [96087.5, 120.0], [96090.0, 5000.0], [96100.0, 5010.0], [96105.0, 10000.0], [96107.5, 1500.0], [96110.0, 5010.0], [96120.0, 55010.0], [96125.0, 45230.0], [96130.0, 5000.0], [96137.5, 1500.0], [96140.0, 5010.0], [96145.0, 9450.0], [96147.5, 26510.0], [96150.0, 5000.0], [96157.5, 1500.0], [96160.0, 5010.0]]}}}
{"jsonrpc": "2.0", "method": "subscription", "params": {"channel": "book.BTC-21FEB25.none.20.100ms", "data": {"timestamp": 1738962100109, "change_id": 87306747309, "instrument_name": "BTC-21FEB25", "bids": [[96185.0, 100.0], [96182.5, 16000.0], [96180.0, 20000.0], [96165.0, 1450.0], [96162.5, 4840.0], [96160.0, 23080.0], [96157.5, 76920.0], [96145.0, 4910.0], [96142.5, 23980.0], [96122.5, 4480.0], [96120.0, 14940.0], [96117.5, 10.0], [96087.5, 600.0], [96085.0, 2000.0], [96072.5, 600.0], [96070.0, 2010.0], [96000.0, 22650.0], [95967.5, 105000.0], [95965.0, 46330.0], [95917.5, 45120.0]], "asks": [[96187.5, 10.0], [96195.0, 9640.0], [96235.0, 10.0], [96237.5, 10000.0], [96260.0, 4930.0], [96262.5, 16430.0], [96272.5, 15000.0], [96275.0, 50600.0], [96277.5, 2000.0], [96320.0, 6670.0], [96322.5, 22230.0], [96355.0, 14840.0], [96357.5, 45490.0], [96380.0, 46050.0], [96432.5, 105000.0], [96492.5, 43820.0], [96495.0, 9640.0], [96525.0, 50000.0], [96532.5, 210000.0], [96700.0, 52820.0]]}}}
{"jsonrpc": "2.0", "method": "subscription", "params": {"channel": "book.BTC-21FEB25.none.20.100ms", "data": {"timestamp": 1738962100417, "change_id": 87306749086, "instrument_name": "BTC-21FEB25", "bids": [[96192.5, 30000.0], [96185.0, 100.0], [96160.0, 23080.0], [96157.5, 76920.0], [96142.5, 23980.0], [96120.0, 14940.0], [96117.5, 10.0], [96070.0, 2010.0], [96000.0, 22650.0], [95967.5, 105000.0], [95965.0, 46330.0], [95917.5, 45120.0], [95840.0, 50000.0], [95785.0, 210000.0], [95742.5, 50000.0], [95627.5, 300000.0], [95530.0, 10.0], [95457.5, 50000.0], [95395.0, 46240.0], [95332.5, 300000.0]], "asks": [[96195.0, 9640.0], [96235.0, 10.0], [96250.0, 10000.0], [96275.0, 600.0], [96277.5, 2000.0], [96320.0, 56670.0], [96322.5, 22230.0], [96325.0, 16870.0], [96352.5, 4450.0], [96355.0, 14840.0], [96357.5, 45490.0], [96380.0, 46050.0], [96432.5, 105000.0], [96492.5, 43820.0], [96495.0, 9640.0], [96525.0, 50000.0], [96532.5, 210000.0], [96700.0, 52820.0], [96702.5, 44220.0], [96802.5, 211300.0]]}}}
{"jsonrpc": "2.0", "method": "subscription", "params": {"channel": "book.BTC-14FEB25.none.20.100ms", "data": {"timestamp": 1738962100373, "change_id": 87306748926, "instrument_name": "BTC-14FEB25", "bids": [[96057.5, 30650.0], [96050.0, 14850.0], [96047.5, 5000.0], [96045.0, 45800.0], [96037.5, 5000.0], [96027.5, 5000.0], [96020.0, 10.0], [96012.5, 5000.0], [96000.0, 10.0], [95995.0, 61120.0], [95987.5, 5000.0], [95980.0, 10.0], [95977.5, 5000.0], [95970.0, 40.0], [95960.0, 5020.0], [95950.0, 5000.0], [95947.5, 2000.0], [95940.0, 5010.0], [95920.0, 5010.0], [95907.5, 5000.0]], "asks": [[96060.0, 10.0], [96065.0, 40.0], [96080.0, 10.0], [96100.0, 10.0], [96110.0, 5010.0], [96115.0, 10000.0], [96120.0, 5010.0], [96122.5, 50000.0], [96125.0, 45230.0], [96130.0, 5000.0], [96140.0, 5010.0], [96150.0, 5000.0], [96160.0, 5010.0], [96170.0, 7000.0], [96180.0, 5010.0], [96182.5, 58320.0], [96185.0, 10.0], [96190.0, 5000.0], [96197.5, 58450.0], [96200.0, 10.0]]}}}
{"jsonrpc": "2.0", "method": "subscription", "params": {"channel": "book.BTC-21FEB25.none.20.100ms", "data": {"timestamp": 1738962100754, "change_id": 87306749984, "instrument_name": "BTC-21FEB25", "bids": [[96192.5, 30000.0], [96185.0, 100.0], [96165.0, 10.0], [96142.5, 23980.0], [96120.0, 14940.0], [96085.0, 2000.0], [96070.0, 2000.0], [96000.0, 22650.0], [95970.0, 45400.0], [95967.5, 105000.0], [95965.0, 46330.0], [95917.5, 45120.0], [95840.0, 50000.0], [95785.0, 210000.0], [95742.5, 50000.0], [95627.5, 300000.0], [95530.0, 10.0], [95457.5, 50000.0], [95395.0, 46240.0], [95332.5, 300000.0]], "asks": [[96195.0, 9640.0], [96207.5, 4840.0], [96235.0, 10.0], [96250.0, 10000.0], [96277.5, 2000.0], [96282.5, 4880.0], [96285.0, 16260.0], [96320.0, 50000.0], [96322.5, 22230.0], [96355.0, 14840.0], [96357.5, 45490.0], [96380.0, 46050.0], [96432.5, 105000.0], [96492.5, 43820.0], [96495.0, 9640.0], [96525.0, 50000.0], [96532.5, 210000.0], [96700.0, 52820.0], [96702.5, 44220.0], [96802.5, 211300.0]]}}}
{"jsonrpc": "2.0", "method": "subscription", "params": {"channel": "book.BTC-14FEB25.none.20.100ms", "data": {"timestamp": 1738962100610, "change_id": 87306749627, "instrument_name": "BTC-14FEB25", "bids": [[96057.5, 30650.0], [96052.5, 4460.0], [96050.0, 37260.0], [96047.5, 28910.0], [96045.0, 45800.0], [96040.0, 1500.0], [96037.5, 5000.0], [96027.5, 5000.0], [96020.0, 10.0], [96012.5, 5000.0], [96000.0, 10.0], [95995.0, 61120.0], [95987.5, 5000.0], [95980.0, 10.0], [95977.5, 5000.0], [95970.0, 40.0], [95960.0, 5020.0], [95950.0, 5000.0], [95947.5, 2000.0], [95940.0, 5010.0]], "asks": [[96060.0, 10.0], [96065.0, 40.0], [96072.5, 4850.0], [96080.0, 10.0], [96100.0, 10.0], [96105.0, 120.0], [96110.0, 5010.0], [96115.0, 10000.0], [96120.0, 5010.0], [96122.5, 50000.0], [96125.0, 45230.0], [96130.0, 5000.0], [96140.0, 5010.0], [96150.0, 5000.0], [96160.0, 5010.0], [96170.0, 7000.0], [96180.0, 5010.0], [96182.5, 58320.0], [96185.0, 10.0], [96190.0, 5000.0]]}}}
{"jsonrpc": "2.0", "method": "subscription", "params": {"channel": "book.BTC-14FEB25.none.20.100ms", "data": {"timestamp": 1738962101106, "change_id": 87306750601, "instrument_name": "BTC-14FEB25", "bids": [[96057.5, 30650.0], [96052.5, 4460.0], [96050.0, 30090.0], [96047.5, 5000.0], [96045.0, 45800.0], [96040.0, 1500.0], [96037.5, 5000.0], [96027.5, 5000.0], [96020.0, 10.0], [96012.5, 5000.0], [96000.0, 10.0], [95995.0, 61120.0], [95987.5, 5000.0], [95980.0, 10.0], [95977.5, 5000.0], [95970.0, 40.0], [95960.0, 5020.0], [95950.0, 5000.0], [95947.5, 2000.0], [95940.0, 5010.0]], "asks": [[96060.0, 10.0], [96065.0, 40.0], [96072.5, 4850.0], [96080.0, 10.0], [96100.0, 10.0], [96105.0, 120.0], [96110.0, 5010.0], [96115.0, 10000.0], [96120.0, 5010.0], [96122.5, 50000.0], [96125.0, 45230.0], [96130.0, 5000.0], [96140.0, 5010.0], [96150.0, 5000.0], [96160.0, 5010.0], [96170.0, 7000.0], [96180.0, 5010.0], [96182.5, 58320.0], [96185.0, 10.0], [96190.0, 5000.0]]}}}
{"jsonrpc": "2.0", "method": "subscription", "params": {"channel": "book.BTC-21FEB25.none.20.100ms", "data": {"timestamp": 1738962101270, "change_id": 87306751107, "instrument_name": "BTC-21FEB25", "bids": [[96192.5, 30000.0], [96185.0, 100.0], [96175.0, 1450.0], [96172.5, 4840.0], [96165.0, 10.0], [96145.0, 7190.0], [96142.5, 23980.0], [96120.0, 14940.0], [96087.5, 600.0], [96085.0, 2000.0], [96070.0, 2000.0], [96000.0, 22650.0], [95970.0, 45400.0], [95967.5, 105000.0], [95965.0, 46330.0], [95917.5, 45120.0], [95840.0, 50000.0], [95785.0, 210000.0], [95742.5, 50000.0], [95627.5, 300000.0]], "asks": [[96195.0, 9640.0], [96207.5, 4840.0], [96235.0, 10.0], [96250.0, 10000.0], [96277.5, 2000.0], [96282.5, 4880.0], [96285.0, 16260.0], [96317.5, 15000.0], [96320.0, 50000.0], [96322.5, 22230.0], [96355.0, 14840.0], [96357.5, 45490.0], [96380.0, 46050.0], [96432.5, 105000.0], [96492.5, 43820.0], [96495.0, 9640.0], [96525.0, 50000.0], [96532.5, 210000.0], [96700.0, 52820.0], [96702.5, 44220.0]]}}}
{"jsonrpc": "2.0", "method": "subscription", "params": {"channel": "book.BTC-14FEB25.none.20.100ms", "data": {"timestamp": 1738962101270, "change_id": 87306751108, "instrument_name": "BTC-14FEB25", "bids": [[96057.5, 30650.0], [96052.5, 4460.0], [96050.0, 30090.0], [96047.5, 5000.0], [96045.0, 45800.0], [96040.0, 2770.0], [96037.5, 5000.0], [96035.0, 4850.0], [96027.5, 5000.0], [96020.0, 10.0], [96012.5, 5000.0], [96000.0, 10.0], [95995.0, 61120.0], [95987.5, 5000.0], [95980.0, 10.0], [95977.5, 5000.0], [95970.0, 40.0], [95960.0, 5020.0], [95950.0, 5000.0], [95947.5, 2000.0]], "asks": [[96060.0, 10.0], [96065.0, 40.0], [96072.5, 4850.0], [96080.0, 10.0], [96100.0, 10.0], [96105.0, 120.0], [96110.0, 5010.0], [96115.0, 10000.0], [96120.0, 5010.0], [96122.5, 50000.0], [96125.0, 45230.0], [96130.0, 5000.0], [96140.0, 5010.0], [96150.0, 5000.0], [96160.0, 5010.0], [96170.0, 7000.0], [96180.0, 5010.0], [96182.5, 58320.0], [96185.0, 10.0], [96190.0, 5000.0]]}}}
{"jsonrpc": "2.0", "method": "subscription", "params": {"channel": "book.BTC-14FEB25.none.20.100ms", "data": {"timestamp": 1738962101735, "change_id": 87306751459, "instrument_name": "BTC-14FEB25", "bids": [[96057.5, 30650.0], [96055.0, 60650.0], [96050.0, 1500.0], [96047.5, 5000.0], [96040.0, 2770.0], [96037.5, 5000.0], [96035.0, 4850.0], [96027.5, 5000.0], [96020.0, 10.0], [96012.5, 5000.0], [96002.5, 61120.0], [96000.0, 10.0], [95987.5, 5000.0], [95980.0, 10.0], [95977.5, 5000.0], [95970.0, 40.0], [95960.0, 5020.0], [95950.0, 5000.0], [95947.5, 2000.0], [95940.0, 5010.0]], "asks": [[96060.0, 10.0], [96065.0, 40.0], [96072.5, 4850.0], [96080.0, 10.0], [96100.0, 10.0], [96105.0, 120.0], [96110.0, 5010.0], [96115.0, 10000.0], [96120.0, 5010.0], [96122.5, 50000.0], [96125.0, 45230.0], [96130.0, 5000.0], [96140.0, 5010.0], [96150.0, 5000.0], [96160.0, 5010.0], [96170.0, 7000.0], [96180.0, 5010.0], [96182.5, 58320.0], [96185.0, 10.0], [96190.0, 5000.0]]}}}
{"jsonrpc": "2.0", "method": "subscription", "params": {"channel": "book.BTC-21FEB25.none.20.100ms", "data": {"timestamp": 1738962102023, "change_id": 87306752071, "instrument_name": "BTC-21FEB25", "bids": [[96192.5, 30000.0], [96185.0, 100.0], [96175.0, 1450.0], [96172.5, 4840.0], [96165.0, 10.0], [96145.0, 7630.0], [96142.5, 16350.0], [96122.5, 14940.0], [96087.5, 600.0], [96085.0, 2000.0], [96070.0, 2000.0], [96000.0, 22650.0], [95970.0, 45400.0], [95967.5, 105000.0], [95965.0, 46330.0], [95917.5, 45120.0], [95840.0, 50000.0], [95785.0, 210000.0], [95742.5, 50000.0], [95627.5, 300000.0]], "asks": [[96195.0, 9640.0], [96202.5, 4840.0], [96235.0, 10.0], [96250.0, 10000.0], [96277.5, 2000.0], [96282.5, 4880.0], [96285.0, 16260.0], [96317.5, 15000.0], [96320.0, 50000.0], [96322.5, 22230.0], [96352.5, 4450.0], [96355.0, 14840.0], [96357.5, 45490.0], [96380.0, 46050.0], [96432.5, 105000.0], [96495.0, 9640.0], [96525.0, 50000.0], [96532.5, 210000.0], [96615.0, 43820.0], [96700.0, 52820.0]]}}}
{"jsonrpc": "2.0", "method": "subscription", "params": {"channel": "book.BTC-14FEB25.none.20.100ms", "data": {"timestamp": 1738962102066, "change_id": 87306752122, "instrument_name": "BTC-14FEB25", "bids": [[96057.5, 30650.0], [96055.0, 60650.0], [96050.0, 1500.0], [96047.5, 5000.0], [96040.0, 2770.0], [96037.5, 5000.0], [96035.0, 4850.0], [96027.5, 5000.0], [96020.0, 10.0], [96012.5, 5000.0], [96002.5, 61120.0], [96000.0, 10.0], [95987.5, 5000.0], [95980.0, 10.0], [95977.5, 5000.0], [95970.0, 40.0], [95960.0, 5020.0], [95950.0, 5000.0], [95947.5, 2000.0], [95940.0, 5010.0]], "asks": [[96060.0, 10.0], [96065.0, 40.0], [96080.0, 10.0], [96100.0, 10.0], [96105.0, 120.0], [96107.5, 1500.0], [96110.0, 5010.0], [96115.0, 10000.0], [96120.0, 5010.0], [96122.5, 50000.0], [96125.0, 45230.0], [96130.0, 5000.0], [96140.0, 5010.0], [96150.0, 5000.0], [96160.0, 5010.0], [96170.0, 7000.0], [96180.0, 5010.0], [96182.5, 58320.0], [96185.0, 10.0], [96190.0, 5000.0]]}}}
{"jsonrpc": "2.0", "method": "subscription", "params": {"channel": "book.BTC-14FEB25.none.20.100ms", "data": {"timestamp": 1738962102431, "change_id": 87306753568, "instrument_name": "BTC-14FEB25", "bids": [[96067.5, 30120.0], [96060.0, 5000.0], [96050.0, 4850.0], [96047.5, 5000.0], [96040.0, 76830.0], [96037.5, 5000.0], [96027.5, 5000.0], [96020.0, 10.0], [96012.5, 5000.0], [96005.0, 61120.0], [96000.0, 10.0], [95987.5, 5000.0], [95980.0, 10.0], [95977.5, 5000.0], [95970.0, 40.0], [95960.0, 5020.0], [95950.0, 5000.0], [95947.5, 2000.0], [95940.0, 5010.0], [95920.0, 63710.0]], "asks": [[96080.0, 10.0], [96100.0, 10.0], [96110.0, 10.0], [96115.0, 10000.0], [96117.5, 120.0], [96120.0, 5010.0], [96130.0, 5000.0], [96137.5, 50000.0], [96140.0, 50240.0], [96150.0, 5000.0], [96160.0, 5010.0], [96170.0, 7000.0], [96180.0, 5010.0], [96182.5, 58320.0], [96185.0, 10.0], [96190.0, 5000.0], [96200.0, 26520.0], [96220.0, 5010.0], [96230.0, 5000.0], [96240.0, 5000.0]]}}}
{"jsonrpc": "2.0", "method": "subscription", "params": {"channel": "book.BTC-21FEB25.none.20.100ms", "data": {"timestamp": 1738962102414, "change_id": 87306753500, "instrument_name": "BTC-21FEB25", "bids": [[96192.5, 30000.0], [96190.0, 4840.0], [96185.0, 100.0], [96165.0, 10.0], [96142.5, 16350.0], [96085.0, 2000.0], [96070.0, 2000.0], [96000.0, 22650.0], [95967.5, 105000.0], [95965.0, 46330.0], [95917.5, 45120.0], [95840.0, 50000.0], [95785.0, 210000.0], [95742.5, 50000.0], [95627.5, 300000.0], [95530.0, 10.0], [95457.5, 50000.0], [95395.0, 46240.0], [95332.5, 300000.0], [95182.5, 45490.0]], "asks": [[96235.0, 10.0], [96277.5, 2000.0], [96355.0, 64840.0], [96432.5, 105000.0], [96495.0, 9640.0], [96532.5, 210000.0], [96615.0, 43820.0], [96700.0, 52820.0], [96702.5, 44220.0], [96802.5, 211300.0], [96840.0, 16500.0], [96842.5, 50000.0], [96870.0, 29510.0], [96912.5, 50000.0], [96990.0, 9710.0], [97065.0, 300000.0], [97115.0, 315000.0], [97225.0, 29120.0], [97232.5, 9710.0], [97315.0, 10.0]]}}}
{"jsonrpc": "2.0", "method": "subscription", "params": {"channel": "book.BTC-21FEB25.none.20.100ms", "data": {"timestamp": 1738962102703, "change_id": 87306754787, "instrument_name": "BTC-21FEB25", "bids": [[96212.5, 20000.0], [96200.0, 10000.0], [96185.0, 100.0], [96177.5, 76940.0], [96175.0, 4840.0], [96165.0, 10.0], [96150.0, 7630.0], [96142.5, 16350.0], [96127.5, 14940.0], [96085.0, 2000.0], [96070.0, 2000.0], [96000.0, 22650.0], [95967.5, 105000.0], [95965.0, 46330.0], [95917.5, 45120.0], [95840.0, 50000.0], [95785.0, 210000.0], [95742.5, 50000.0], [95627.5, 300000.0], [95530.0, 10.0]], "asks": [[96215.0, 4840.0], [96235.0, 10.0], [96262.5, 10000.0], [96277.5, 2000.0], [96345.0, 16590.0], [96355.0, 14840.0], [96380.0, 22230.0], [96410.0, 50000.0], [96412.5, 45490.0], [96432.5, 105000.0], [96462.5, 46050.0], [96495.0, 9640.0], [96532.5, 210000.0], [96560.0, 50000.0], [96615.0, 43820.0], [96700.0, 52820.0], [96702.5, 44220.0], [96802.5, 211300.0], [96840.0, 16500.0], [96870.0, 29510.0]]}}}
{"jsonrpc": "2.0", "method": "subscription", "params": {"channel": "book.BTC-14FEB25.none.20.100ms", "data": {"timestamp": 1738962102745, "change_id": 87306754874, "instrument_name": "BTC-14FEB25", "bids": [[96070.0, 70650.0], [96067.5, 20120.0], [96047.5, 5000.0], [96037.5, 9850.0], [96027.5, 5000.0], [96020.0, 10.0], [96015.0, 61120.0], [96012.5, 5000.0], [96000.0, 10.0], [95987.5, 7000.0], [95980.0, 10.0], [95977.5, 5000.0], [95970.0, 40.0], [95960.0, 5020.0], [95950.0, 5000.0], [95940.0, 5010.0], [95920.0, 63710.0], [95907.5, 5000.0], [95900.0, 10.0], [95887.5, 5000.0]], "asks": [[96077.5, 4850.0], [96080.0, 10.0], [96100.0, 10.0], [96110.0, 5010.0], [96115.0, 10000.0], [96117.5, 120.0], [96120.0, 5010.0], [96130.0, 5000.0], [96140.0, 50240.0], [96150.0, 5000.0], [96160.0, 5010.0], [96170.0, 7000.0], [96175.0, 50000.0], [96180.0, 5010.0], [96182.5, 58320.0], [96185.0, 10.0], [96190.0, 5000.0], [96200.0, 26520.0], [96220.0, 5010.0], [96230.0, 5000.0]]}}}
{"jsonrpc": "2.0", "method": "subscription", "params": {"channel": "book.BTC-21FEB25.none.20.100ms", "data": {"timestamp": 1738962102983, "change_id": 87306755985, "instrument_name": "BTC-21FEB25", "bids": [[96212.5, 20000.0], [96202.5, 3000.0], [96200.0, 10000.0], [96185.0, 100.0], [96180.0, 24530.0], [96177.5, 76940.0], [96175.0, 4840.0], [96165.0, 10.0], [96152.5, 2290.0], [96150.0, 7630.0], [96145.0, 4910.0], [96142.5, 16350.0], [96130.0, 4480.0], [96127.5, 14940.0], [96087.5, 600.0], [96085.0, 2000.0], [96070.0, 2000.0], [96005.0, 13200.0], [96000.0, 22650.0], [95967.5, 105000.0]], "asks": [[96215.0, 4840.0], [96235.0, 10.0], [96260.0, 7570.0], [96262.5, 10000.0], [96265.0, 16480.0], [96275.0, 600.0], [96277.5, 2000.0], [96350.0, 19450.0], [96352.5, 50000.0], [96355.0, 14840.0], [96377.5, 6670.0], [96380.0, 22230.0], [96410.0, 13650.0], [96412.5, 45490.0], [96432.5, 105000.0], [96462.5, 46050.0], [96495.0, 9640.0], [96532.5, 210000.0], [96560.0, 50000.0], [96615.0, 43820.0]]}}}
{"jsonrpc": "2.0", "method": "subscription", "params": {"channel": "book.BTC-14FEB25.none.20.100ms", "data": {"timestamp": 1738962103008, "change_id": 87306756053, "instrument_name": "BTC-14FEB25", "bids": [[96075.0, 10530.0], [96072.5, 21200.0], [96070.0, 66690.0], [96067.5, 20120.0], [96060.0, 14140.0], [96057.5, 47120.0], [96050.0, 1500.0], [96047.5, 5000.0], [96040.0, 2960.0], [96037.5, 9850.0], [96030.0, 1500.0], [96027.5, 5000.0], [96020.0, 10.0], [96017.5, 18340.0], [96015.0, 62620.0], [96012.5, 5000.0], [96000.0, 10.0], [95990.0, 2100.0], [95987.5, 7000.0], [95980.0, 1510.0]], "asks": [[96077.5, 4850.0], [96080.0, 10.0], [96100.0, 10.0], [96107.5, 1500.0], [96110.0, 5010.0], [96112.5, 3000.0], [96115.0, 10000.0], [96117.5, 1620.0], [96120.0, 5010.0], [96127.5, 1500.0], [96130.0, 5000.0], [96137.5, 15070.0], [96140.0, 50240.0], [96147.5, 1500.0], [96150.0, 5000.0], [96157.5, 1500.0], [96160.0, 5010.0], [96167.5, 2100.0], [96170.0, 7000.0], [96172.5, 15000.0]]}}}
{"jsonrpc": "2.0", "method": "subscription", "params": {"channel": "book.BTC-21FEB25.none.20.100ms", "data": {"timestamp": 1738962103130, "change_id": 87306756356, "instrument_name": "BTC-21FEB25", "bids": [[96212.5, 30000.0], [96185.0, 100.0], [96180.0, 24530.0], [96177.5, 76940.0], [96175.0, 4840.0], [96165.0, 10.0], [96152.5, 2290.0], [96150.0, 7630.0], [96145.0, 4910.0], [96142.5, 16350.0], [96130.0, 4480.0], [96127.5, 14940.0], [96087.5, 600.0], [96085.0, 2000.0], [96070.0, 2000.0], [96005.0, 13200.0], [96000.0, 22650.0], [95967.5, 105000.0], [95965.0, 46330.0], [95917.5, 45120.0]], "asks": [[96215.0, 4840.0], [96235.0, 10.0], [96260.0, 7570.0], [96262.5, 10000.0], [96265.0, 16480.0], [96275.0, 600.0], [96277.5, 2000.0], [96350.0, 19450.0], [96352.5, 50000.0], [96355.0, 14840.0], [96377.5, 6670.0], [96380.0, 22230.0], [96410.0, 13650.0], [96412.5, 45490.0], [96432.5, 105000.0], [96462.5, 46050.0], [96495.0, 9640.0], [96532.5, 210000.0], [96560.0, 50000.0], [96615.0, 43820.0]]}}}
{"jsonrpc": "2.0", "method": "subscription", "params": {"channel": "book.BTC-14FEB25.none.20.100ms", "data": {"timestamp": 1738962103418, "change_id": 87306756858, "instrument_name": "BTC-14FEB25", "bids": [[96075.0, 10530.0], [96072.5, 21200.0], [96070.0, 66690.0], [96067.5, 20120.0], [96050.0, 1500.0], [96047.5, 5000.0], [96040.0, 2960.0], [96037.5, 9850.0], [96030.0, 1500.0], [96027.5, 5000.0], [96020.0, 10.0], [96017.5, 18340.0], [96015.0, 62620.0], [96012.5, 5000.0], [96000.0, 10.0], [95990.0, 2100.0], [95987.5, 7000.0], [95980.0, 1510.0], [95977.5, 5000.0], [95970.0, 40.0]], "asks": [[96077.5, 4850.0], [96080.0, 10.0], [96097.5, 1200.0], [96100.0, 10.0], [96107.5, 1620.0], [96110.0, 5010.0], [96112.5, 3000.0], [96115.0, 10000.0], [96117.5, 1500.0], [96120.0, 5010.0], [96127.5, 1500.0], [96130.0, 5000.0], [96137.5, 15070.0], [96140.0, 50240.0], [96147.5, 1500.0], [96150.0, 5000.0], [96157.5, 1500.0], [96160.0, 5010.0], [96167.5, 2100.0], [96170.0, 7000.0]]}}}
{"jsonrpc": "2.0", "method": "subscription", "params": {"channel": "book.BTC-21FEB25.none.20.100ms", "data": {"timestamp": 1738962103671, "change_id": 87306757048, "instrument_name": "BTC-21FEB25", "bids": [[96212.5, 30000.0], [96185.0, 100.0], [96180.0, 24530.0], [96177.5, 76940.0], [96175.0, 4840.0], [96165.0, 10.0], [96152.5, 2290.0], [96150.0, 7630.0], [96145.0, 4910.0], [96142.5, 16350.0], [96130.0, 4480.0], [96127.5, 14940.0], [96087.5, 600.0], [96085.0, 2000.0], [96070.0, 2000.0], [96005.0, 13200.0], [96000.0, 22650.0], [95967.5, 105000.0], [95965.0, 46330.0], [95917.5, 45120.0]], "asks": [[96215.0, 4840.0], [96235.0, 10.0], [96260.0, 3000.0], [96262.5, 10000.0], [96275.0, 600.0], [96277.5, 2000.0], [96297.5, 5060.0], [96300.0, 16860.0], [96330.0, 15000.0], [96332.5, 50000.0], [96352.5, 4450.0], [96355.0, 14840.0], [96377.5, 6670.0], [96380.0, 22230.0], [96410.0, 13650.0], [96412.5, 45490.0], [96432.5, 105000.0], [96462.5, 46050.0], [96495.0, 9640.0], [96532.5, 210000.0]]}}}
{"jsonrpc": "2.0", "method": "subscription", "params": {"channel": "book.BTC-14FEB25.none.20.100ms", "data": {"timestamp": 1738962103485, "change_id": 87306756924, "instrument_name": "BTC-14FEB25", "bids": [[96075.0, 10530.0], [96072.5, 21200.0], [96070.0, 66690.0], [96067.5, 20120.0], [96050.0, 1500.0], [96047.5, 5000.0], [96040.0, 2960.0], [96037.5, 9850.0], [96030.0, 1500.0], [96027.5, 5000.0], [96020.0, 10.0], [96017.5, 18340.0], [96015.0, 62620.0], [96012.5, 5000.0], [96000.0, 10.0], [95990.0, 2100.0], [95987.5, 7000.0], [95980.0, 1510.0], [95977.5, 5000.0], [95970.0, 40.0]], "asks": [[96077.5, 4850.0], [96080.0, 10.0], [96097.5, 1200.0], [96100.0, 10.0], [96107.5, 1620.0], [96110.0, 5010.0], [96112.5, 3000.0], [96115.0, 10000.0], [96117.5, 1500.0], [96120.0, 5010.0], [96127.5, 1500.0], [96130.0, 5000.0], [96137.5, 15070.0], [96140.0, 50240.0], [96147.5, 1500.0], [96150.0, 5000.0], [96157.5, 1500.0], [96160.0, 5010.0], [96167.5, 2100.0], [96170.0, 7000.0]]}}}
{"jsonrpc": "2.0", "method": "subscription", "params": {"channel": "book.BTC-21FEB25.none.20.100ms", "data": {"timestamp": 1738962104074, "change_id": 87306758082, "instrument_name": "BTC-21FEB25", "bids": [[96195.0, 30000.0], [96185.0, 100.0], [96167.5, 4840.0], [96165.0, 10.0], [96150.0, 16510.0], [96085.0, 2000.0], [96070.0, 2000.0], [96005.0, 13200.0], [96000.0, 22650.0], [95970.0, 22570.0], [95967.5, 105000.0], [95965.0, 46330.0], [95917.5, 45120.0], [95840.0, 50000.0], [95785.0, 210000.0], [95742.5, 50000.0], [95627.5, 300000.0], [95530.0, 10.0], [95457.5, 50000.0], [95395.0, 46240.0]], "asks": [[96235.0, 10.0], [96250.0, 10000.0], [96277.5, 2000.0], [96300.0, 16860.0], [96355.0, 14840.0], [96377.5, 50000.0], [96380.0, 22230.0], [96412.5, 45490.0], [96432.5, 105000.0], [96462.5, 46050.0], [96495.0, 9640.0], [96532.5, 210000.0], [96560.0, 50000.0], [96615.0, 43820.0], [96700.0, 52820.0], [96702.5, 44220.0], [96802.5, 211300.0], [96840.0, 16500.0], [96870.0, 29510.0], [96912.5, 50000.0]]}}}
{"jsonrpc": "2.0", "method": "subscription", "params": {"channel": "book.BTC-14FEB25.none.20.100ms", "data": {"timestamp": 1738962104084, "change_id": 87306758099, "instrument_name": "BTC-14FEB25", "bids": [[96070.0, 70650.0], [96067.5, 20000.0], [96055.0, 120.0], [96052.5, 1500.0], [96040.0, 2970.0], [96037.5, 9850.0], [96030.0, 1500.0], [96027.5, 5000.0], [96020.0, 10.0], [96017.5, 18340.0], [96015.0, 62620.0], [96012.5, 5000.0], [96000.0, 10.0], [95990.0, 2100.0], [95987.5, 7000.0], [95980.0, 10.0], [95977.5, 5000.0], [95970.0, 40.0], [95962.5, 1510.0], [95960.0, 5020.0]], "asks": [[96080.0, 10.0], [96092.5, 1500.0], [96095.0, 5000.0], [96097.5, 1200.0], [96100.0, 10.0], [96107.5, 1620.0], [96110.0, 5010.0], [96112.5, 3000.0], [96115.0, 10000.0], [96117.5, 1500.0], [96120.0, 5010.0], [96127.5, 1500.0], [96130.0, 5000.0], [96137.5, 15070.0], [96140.0, 50240.0], [96147.5, 1500.0], [96150.0, 5000.0], [96157.5, 1500.0], [96160.0, 5010.0], [96167.5, 2100.0]]}}}
{"jsonrpc": "2.0", "method": "subscription", "params": {"channel": "book.BTC-14FEB25.none.20.100ms", "data": {"timestamp": 1738962104362, "change_id": 87306759521, "instrument_name": "BTC-14FEB25", "bids": [[96072.5, 31200.0], [96070.0, 66650.0], [96067.5, 20000.0], [96065.0, 3080.0], [96062.5, 5000.0], [96060.0, 4850.0], [96055.0, 1500.0], [96052.5, 5000.0], [96040.0, 1510.0], [96037.5, 5000.0], [96027.5, 5000.0], [96020.0, 10.0], [96015.0, 61120.0], [96012.5, 5000.0], [96000.0, 10.0], [95987.5, 7000.0], [95980.0, 10.0], [95977.5, 5000.0], [95970.0, 40.0], [95960.0, 5020.0]], "asks": [[96080.0, 10.0], [96090.0, 4850.0], [96097.5, 1200.0], [96100.0, 10.0], [96110.0, 10.0], [96117.5, 1500.0], [96120.0, 5010.0], [96130.0, 5000.0], [96137.5, 50000.0], [96140.0, 50240.0], [96147.5, 120.0], [96150.0, 15000.0], [96157.5, 1500.0], [96160.0, 5010.0], [96170.0, 7000.0], [96180.0, 22510.0], [96182.5, 58320.0], [96185.0, 10.0], [96187.5, 1500.0], [96190.0, 5000.0]]}}}
{"jsonrpc": "2.0", "method": "subscription", "params": {"channel": "book.BTC-21FEB25.none.20.100ms", "data": {"timestamp": 1738962104415, "change_id": 87306759631, "instrument_name": "BTC-21FEB25", "bids": [[96212.5, 13000.0], [96197.5, 7450.0], [96195.0, 24840.0], [96185.0, 100.0], [96165.0, 10.0], [96152.5, 4950.0], [96150.0, 16510.0], [96087.5, 600.0], [96085.0, 2000.0], [96072.5, 600.0], [96070.0, 2000.0], [96007.5, 3960.0], [96005.0, 13200.0], [96002.5, 6800.0], [96000.0, 22650.0], [95970.0, 22570.0], [95967.5, 105000.0], [95965.0, 46330.0], [95917.5, 45120.0], [95840.0, 50000.0]], "asks": [[96227.5, 4840.0], [96235.0, 10.0], [96275.0, 600.0], [96277.5, 2000.0], [96285.0, 3000.0], [96287.5, 10000.0], [96297.5, 15000.0], [96300.0, 54890.0], [96302.5, 16310.0], [96352.5, 4450.0], [96355.0, 14840.0], [96380.0, 22230.0], [96412.5, 45490.0], [96432.5, 105000.0], [96462.5, 46050.0], [96495.0, 9640.0], [96532.5, 210000.0], [96560.0, 50000.0], [96615.0, 43820.0], [96700.0, 52820.0]]}}}
{"jsonrpc": "2.0", "method": "subscription", "params": {"channel": "book.BTC-21FEB25.none.20.100ms", "data": {"timestamp": 1738962104730, "change_id": 87306760637, "instrument_name": "BTC-21FEB25", "bids": [[96222.5, 3000.0], [96220.0, 10000.0], [96212.5, 20000.0], [96187.5, 4840.0], [96185.0, 100.0], [96182.5, 76940.0], [96165.0, 10.0], [96150.0, 16510.0], [96087.5, 600.0], [96085.0, 2000.0], [96070.0, 2000.0], [96005.0, 13200.0], [96002.5, 6800.0], [96000.0, 22650.0], [95970.0, 22570.0], [95967.5, 105000.0], [95965.0, 46330.0], [95917.5, 45120.0], [95840.0, 50000.0], [95785.0, 210000.0]], "asks": [[96227.5, 4840.0], [96235.0, 10.0], [96265.0, 10000.0], [96275.0, 600.0], [96277.5, 2000.0], [96297.5, 15000.0], [96300.0, 54890.0], [96302.5, 16310.0], [96352.5, 4450.0], [96355.0, 14840.0], [96377.5, 6670.0], [96380.0, 22230.0], [96412.5, 45490.0], [96432.5, 105000.0], [96462.5, 46050.0], [96495.0, 9640.0], [96532.5, 210000.0], [96560.0, 50000.0], [96615.0, 43820.0], [96700.0, 52820.0]]}}}
{"jsonrpc": "2.0", "method": "subscription", "params": {"channel": "book.BTC-14FEB25.none.20.100ms", "data": {"timestamp": 1738962104733, "change_id": 87306760643, "instrument_name": "BTC-14FEB25", "bids": [[96077.5, 10530.0], [96075.0, 120.0], [96072.5, 21200.0], [96070.0, 66650.0], [96067.5, 20000.0], [96065.0, 24140.0], [96060.0, 76840.0], [96055.0, 2770.0], [96052.5, 9850.0], [96040.0, 1510.0], [96037.5, 5000.0], [96030.0, 1500.0], [96027.5, 5000.0], [96020.0, 10.0], [96017.5, 18340.0], [96015.0, 62620.0], [96012.5, 5000.0], [96000.0, 10.0], [95990.0, 2100.0], [95987.5, 7000.0]], "asks": [[96080.0, 10.0], [96082.5, 4850.0], [96097.5, 1200.0], [96100.0, 10.0], [96107.5, 1500.0], [96110.0, 5010.0], [96117.5, 1500.0], [96120.0, 5130.0], [96125.0, 4500.0], [96127.5, 10000.0], [96130.0, 5000.0], [96135.0, 30070.0], [96137.5, 50000.0], [96140.0, 50240.0], [96147.5, 1500.0], [96150.0, 5000.0], [96157.5, 1500.0], [96160.0, 5010.0], [96167.5, 2100.0], [96170.0, 7000.0]]}}}
{"jsonrpc": "2.0", "method": "subscription", "params": {"channel": "book.BTC-14FEB25.none.20.100ms", "data": {"timestamp": 1738962104934, "change_id": 87306761356, "instrument_name": "BTC-14FEB25", "bids": [[96077.5, 10530.0], [96075.0, 120.0], [96072.5, 21200.0], [96070.0, 66650.0], [96067.5, 20000.0], [96065.0, 24140.0], [96060.0, 76840.0], [96055.0, 2770.0], [96052.5, 9850.0], [96040.0, 1510.0], [96037.5, 5000.0], [96030.0, 1500.0], [96027.5, 5000.0], [96020.0, 10.0], [96017.5, 18340.0], [96015.0, 62620.0], [96012.5, 5000.0], [96000.0, 10.0], [95990.0, 2100.0], [95987.5, 7000.0]], "asks": [[96080.0, 10.0], [96085.0, 4850.0], [96097.5, 1200.0], [96100.0, 10.0], [96107.5, 1500.0], [96110.0, 5010.0], [96117.5, 1500.0], [96120.0, 5130.0], [96125.0, 4500.0], [96127.5, 10000.0], [96130.0, 5000.0], [96135.0, 30070.0], [96137.5, 50000.0], [96140.0, 50240.0], [96147.5, 1500.0], [96150.0, 5000.0], [96157.5, 1500.0], [96160.0, 5010.0], [96167.5, 2100.0], [96170.0, 7000.0]]}}}
{"jsonrpc": "2.0", "method": "subscription", "params": {"channel": "book.BTC-21FEB25.none.20.100ms", "data": {"timestamp": 1738962104928, "change_id": 87306761350, "instrument_name": "BTC-21FEB25", "bids": [[96220.0, 10000.0], [96212.5, 20000.0], [96187.5, 4840.0], [96185.0, 100.0], [96182.5, 76940.0], [96165.0, 10.0], [96150.0, 16510.0], [96085.0, 2000.0], [96070.0, 2000.0], [96005.0, 13200.0], [96000.0, 22650.0], [95970.0, 22570.0], [95967.5, 105000.0], [95965.0, 46330.0], [95917.5, 45120.0], [95840.0, 50000.0], [95785.0, 210000.0], [95742.5, 50000.0], [95627.5, 300000.0], [95530.0, 10.0]], "asks": [[96222.5, 4840.0], [96235.0, 10.0], [96265.0, 10000.0], [96277.5, 2000.0], [96282.5, 10.0], [96302.5, 16310.0], [96355.0, 14840.0], [96377.5, 50000.0], [96380.0, 22230.0], [96412.5, 45490.0], [96432.5, 105000.0], [96462.5, 46050.0], [96495.0, 9640.0], [96532.5, 210000.0], [96560.0, 50000.0], [96615.0, 43820.0], [96700.0, 52820.0], [96702.5, 44220.0], [96802.5, 211300.0], [96840.0, 16500.0]]}}}
{"jsonrpc": "2.0", "method": "subscription", "params": {"channel": "book.BTC-14FEB25.none.20.100ms", "data": {"timestamp": 1738962105735, "change_id": 87306763362, "instrument_name": "BTC-14FEB25", "bids": [[96077.5, 10530.0], [96075.0, 120.0], [96072.5, 18200.0], [96070.0, 66650.0], [96067.5, 20000.0], [96065.0, 21180.0], [96060.0, 76840.0], [96040.0, 10.0], [96037.5, 5000.0], [96027.5, 5000.0], [96020.0, 10.0], [96015.0, 61120.0], [96012.5, 5000.0], [96000.0, 10.0], [95987.5, 7000.0], [95980.0, 1510.0], [95977.5, 5000.0], [95970.0, 40.0], [95962.5, 1510.0], [95960.0, 5020.0]], "asks": [[96080.0, 10.0], [96085.0, 4850.0], [96097.5, 1200.0], [96100.0, 10.0], [96107.5, 1500.0], [96110.0, 5130.0], [96120.0, 5010.0], [96127.5, 10000.0], [96130.0, 5000.0], [96137.5, 50000.0], [96140.0, 50240.0], [96150.0, 5000.0], [96160.0, 5010.0], [96170.0, 7000.0], [96180.0, 5010.0], [96182.5, 58320.0], [96185.0, 10.0], [96190.0, 5000.0], [96197.5, 7960.0], [96200.0, 26520.0]]}}}
{"jsonrpc": "2.0", "method": "subscription", "params": {"channel": "book.BTC-21FEB25.none.20.100ms", "data": {"timestamp": 1738962105729, "change_id": 87306763359, "instrument_name": "BTC-21FEB25", "bids": [[96212.5, 20000.0], [96202.5, 3000.0], [96200.0, 10000.0], [96185.0, 23180.0], [96182.5, 76940.0], [96165.0, 10.0], [96152.5, 4950.0], [96150.0, 16510.0], [96087.5, 600.0], [96085.0, 2000.0], [96072.5, 600.0], [96070.0, 2000.0], [96007.5, 3960.0], [96005.0, 13200.0], [96002.5, 6800.0], [96000.0, 22650.0], [95970.0, 22570.0], [95967.5, 105000.0], [95965.0, 46330.0], [95917.5, 45120.0]], "asks": [[96215.0, 4840.0], [96235.0, 10.0], [96252.5, 3000.0], [96255.0, 10000.0], [96277.5, 2000.0], [96282.5, 10.0], [96302.5, 16310.0], [96352.5, 50000.0], [96355.0, 14840.0], [96380.0, 22230.0], [96412.5, 45490.0], [96432.5, 105000.0], [96462.5, 46050.0], [96495.0, 9640.0], [96532.5, 210000.0], [96560.0, 50000.0], [96615.0, 43820.0], [96700.0, 52820.0], [96702.5, 44220.0], [96802.5, 211300.0]]}}}
{"jsonrpc": "2.0", "method": "subscription", "params": {"channel": "book.BTC-14FEB25.none.20.100ms", "data": {"timestamp": 1738962106068, "change_id": 87306764277, "instrument_name": "BTC-14FEB25", "bids": [[96072.5, 530.0], [96070.0, 66650.0], [96067.5, 20000.0], [96062.5, 23170.0], [96060.0, 76840.0], [96040.0, 10.0], [96037.5, 5000.0], [96027.5, 5000.0], [96020.0, 10.0], [96015.0, 61120.0], [96012.5, 5000.0], [96000.0, 10.0], [95987.5, 7000.0], [95980.0, 10.0], [95977.5, 5000.0], [95970.0, 40.0], [95960.0, 5020.0], [95950.0, 5000.0], [95940.0, 5010.0], [95920.0, 63710.0]], "asks": [[96075.0, 4850.0], [96080.0, 10.0], [96092.5, 1500.0], [96095.0, 5000.0], [96097.5, 1200.0], [96100.0, 10.0], [96107.5, 1500.0], [96110.0, 5130.0], [96117.5, 10000.0], [96120.0, 5010.0], [96130.0, 5000.0], [96137.5, 50000.0], [96140.0, 50240.0], [96150.0, 5000.0], [96160.0, 5010.0], [96170.0, 7000.0], [96180.0, 5010.0], [96182.5, 58320.0], [96185.0, 10.0], [96190.0, 5000.0]]}}}
{"jsonrpc": "2.0", "method": "subscription", "params": {"channel": "book.BTC-21FEB25.none.20.100ms", "data": {"timestamp": 1738962105895, "change_id": 87306764159, "instrument_name": "BTC-21FEB25", "bids": [[96200.0, 10000.0], [96197.5, 20000.0], [96185.0, 100.0], [96182.5, 76940.0], [96170.0, 4840.0], [96165.0, 10.0], [96150.0, 16510.0], [96085.0, 2000.0], [96070.0, 2000.0], [96005.0, 13200.0], [96000.0, 22650.0], [95970.0, 22570.0], [95967.5, 105000.0], [95965.0, 46330.0], [95917.5, 45120.0], [95840.0, 50000.0], [95785.0, 210000.0], [95742.5, 50000.0], [95627.5, 300000.0], [95530.0, 10.0]], "asks": [[96207.5, 4840.0], [96235.0, 10.0], [96255.0, 10000.0], [96277.5, 2000.0], [96282.5, 10.0], [96302.5, 16310.0], [96355.0, 14840.0], [96377.5, 50000.0], [96380.0, 22230.0], [96412.5, 45490.0], [96432.5, 105000.0], [96462.5, 46050.0], [96495.0, 9640.0], [96532.5, 210000.0], [96560.0, 50000.0], [96615.0, 43820.0], [96700.0, 52820.0], [96702.5, 44220.0], [96802.5, 211300.0], [96840.0, 16500.0]]}}}
{"jsonrpc": "2.0", "method": "subscription", "params": {"channel": "book.BTC-21FEB25.none.20.100ms", "data": {"timestamp": 1738962106395, "change_id": 87306766326, "instrument_name": "BTC-21FEB25", "bids": [[96185.0, 100.0], [96165.0, 10.0], [96140.0, 4940.0], [96137.5, 16450.0], [96085.0, 2000.0], [96070.0, 2000.0], [96005.0, 13200.0], [96002.5, 22570.0], [96000.0, 22650.0], [95967.5, 105000.0], [95965.0, 46330.0], [95917.5, 45120.0], [95840.0, 50000.0], [95785.0, 210000.0], [95742.5, 50000.0], [95627.5, 300000.0], [95530.0, 10.0], [95457.5, 50000.0], [95395.0, 46240.0], [95332.5, 300000.0]], "asks": [[96190.0, 4840.0], [96235.0, 10.0], [96255.0, 26570.0], [96277.5, 2000.0], [96282.5, 10.0], [96355.0, 14840.0], [96377.5, 50000.0], [96380.0, 22230.0], [96412.5, 45490.0], [96432.5, 105000.0], [96462.5, 46050.0], [96495.0, 9640.0], [96532.5, 210000.0], [96560.0, 50000.0], [96615.0, 43820.0], [96700.0, 52820.0], [96702.5, 44220.0], [96802.5, 211300.0], [96840.0, 16500.0], [96870.0, 29510.0]]}}}
{"jsonrpc": "2.0", "method": "subscription", "params": {"channel": "book.BTC-14FEB25.none.20.100ms", "data": {"timestamp": 1738962106393, "change_id": 87306766311, "instrument_name": "BTC-14FEB25", "bids": [[96047.5, 120.0], [96040.0, 10.0], [96027.5, 13740.0], [96025.0, 60650.0], [96020.0, 10.0], [96015.0, 1500.0], [96012.5, 5000.0], [96000.0, 10.0], [95987.5, 7000.0], [95982.5, 61120.0], [95980.0, 10.0], [95977.5, 5000.0], [95970.0, 40.0], [95960.0, 5020.0], [95950.0, 5000.0], [95940.0, 5010.0], [95920.0, 63710.0], [95907.5, 5000.0], [95900.0, 10.0], [95887.5, 5000.0]], "asks": [[96055.0, 2960.0], [96057.5, 9850.0], [96060.0, 1500.0], [96062.5, 5000.0], [96065.0, 1500.0], [96067.5, 5000.0], [96072.5, 1200.0], [96080.0, 1510.0], [96082.5, 5000.0], [96092.5, 1500.0], [96095.0, 5400.0], [96097.5, 1200.0], [96100.0, 130.0], [96102.5, 10000.0], [96107.5, 1500.0], [96110.0, 5010.0], [96120.0, 5010.0], [96125.0, 45230.0], [96130.0, 5000.0], [96137.5, 50000.0]]}}}
{"jsonrpc": "2.0", "method": "subscription", "params": {"channel": "book.BTC-21FEB25.none.20.100ms", "data": {"timestamp": 1738962106727, "change_id": 87306767687, "instrument_name": "BTC-21FEB25", "bids": [[96142.5, 4840.0], [96140.0, 20000.0], [96117.5, 10.0], [96085.0, 2000.0], [96070.0, 2000.0], [96005.0, 13200.0], [96000.0, 22650.0], [95970.0, 22570.0], [95967.5, 105000.0], [95965.0, 46330.0], [95917.5, 45120.0], [95840.0, 50000.0], [95785.0, 210000.0], [95742.5, 50000.0], [95627.5, 300000.0], [95530.0, 10.0], [95457.5, 50000.0], [95395.0, 46240.0], [95332.5, 300000.0], [95182.5, 45490.0]], "asks": [[96172.5, 4840.0], [96187.5, 10.0], [96255.0, 26570.0], [96277.5, 2000.0], [96355.0, 14840.0], [96377.5, 50000.0], [96380.0, 22230.0], [96412.5, 45490.0], [96432.5, 105000.0], [96462.5, 46050.0], [96495.0, 9640.0], [96532.5, 210000.0], [96560.0, 50000.0], [96615.0, 43820.0], [96700.0, 52820.0], [96702.5, 44220.0], [96802.5, 211300.0], [96840.0, 16500.0], [96870.0, 29510.0], [96912.5, 50000.0]]}}}
{"jsonrpc": "2.0", "method": "subscription", "params": {"channel": "book.BTC-14FEB25.none.20.100ms", "data": {"timestamp": 1738962106631, "change_id": 87306767505, "instrument_name": "BTC-14FEB25", "bids": [[96040.0, 20010.0], [96030.0, 120.0], [96027.5, 13740.0], [96025.0, 60650.0], [96020.0, 10.0], [96012.5, 1500.0], [96010.0, 6460.0], [96007.5, 4850.0], [96002.5, 1500.0], [96000.0, 5010.0], [95990.0, 1500.0], [95987.5, 5000.0], [95985.0, 18340.0], [95982.5, 61120.0], [95980.0, 1510.0], [95977.5, 5000.0], [95970.0, 40.0], [95962.5, 1510.0], [95960.0, 5020.0], [95952.5, 1500.0]], "asks": [[96042.5, 4850.0], [96055.0, 1500.0], [96057.5, 5000.0], [96060.0, 1500.0], [96062.5, 5000.0], [96065.0, 1500.0], [96067.5, 5000.0], [96072.5, 1200.0], [96080.0, 4440.0], [96082.5, 15000.0], [96092.5, 1500.0], [96095.0, 5000.0], [96097.5, 1200.0], [96100.0, 10.0], [96107.5, 1500.0], [96110.0, 5010.0], [96117.5, 1500.0], [96120.0, 5010.0], [96122.5, 13570.0], [96125.0, 45230.0]]}}}
{"jsonrpc": "2.0", "method": "subscription", "params": {"channel": "book.BTC-21FEB25.none.20.100ms", "data": {"timestamp": 1738962107020, "change_id": 87306768606, "instrument_name": "BTC-21FEB25", "bids": [[96162.5, 8630.0], [96160.0, 30000.0], [96145.0, 1450.0], [96142.5, 4840.0], [96117.5, 10.0], [96115.0, 4940.0], [96112.5, 16470.0], [96087.5, 600.0], [96085.0, 2000.0], [96072.5, 600.0], [96070.0, 2000.0], [96007.5, 3960.0], [96005.0, 13200.0], [96002.5, 6800.0], [96000.0, 22650.0], [95970.0, 22570.0], [95967.5, 105000.0], [95965.0, 46330.0], [95917.5, 45120.0], [95840.0, 50000.0]], "asks": [[96172.5, 4840.0], [96187.5, 10.0], [96215.0, 3000.0], [96217.5, 10000.0], [96252.5, 4970.0], [96255.0, 16570.0], [96275.0, 600.0], [96277.5, 2000.0], [96350.0, 19450.0], [96352.5, 50000.0], [96355.0, 14840.0], [96380.0, 22230.0], [96412.5, 45490.0], [96432.5, 105000.0], [96462.5, 46050.0], [96495.0, 9640.0], [96532.5, 210000.0], [96560.0, 50000.0], [96615.0, 43820.0], [96700.0, 52820.0]]}}}
{"jsonrpc": "2.0", "method": "subscription", "params": {"channel": "book.BTC-14FEB25.none.20.100ms", "data": {"timestamp": 1738962107034, "change_id": 87306768623, "instrument_name": "BTC-14FEB25", "bids": [[96040.0, 30010.0], [96030.0, 120.0], [96027.5, 19480.0], [96025.0, 60650.0], [96020.0, 10.0], [96012.5, 1500.0], [96010.0, 6460.0], [96007.5, 4850.0], [96002.5, 1500.0], [96000.0, 5010.0], [95990.0, 1500.0], [95987.5, 5000.0], [95985.0, 18340.0], [95982.5, 61120.0], [95980.0, 1510.0], [95977.5, 5000.0], [95970.0, 40.0], [95962.5, 1510.0], [95960.0, 5020.0], [95952.5, 1500.0]], "asks": [[96042.5, 4850.0], [96055.0, 1500.0], [96057.5, 5000.0], [96060.0, 1500.0], [96062.5, 5000.0], [96065.0, 1500.0], [96067.5, 5000.0], [96072.5, 1200.0], [96080.0, 4440.0], [96082.5, 15000.0], [96092.5, 1500.0], [96095.0, 5000.0], [96097.5, 1200.0], [96100.0, 10.0], [96107.5, 1500.0], [96110.0, 5010.0], [96117.5, 1500.0], [96120.0, 5010.0], [96122.5, 13570.0], [96125.0, 45230.0]]}}}
{"jsonrpc": "2.0", "method": "subscription", "params": {"channel": "book.BTC-21FEB25.none.20.100ms", "data": {"timestamp": 1738962107144, "change_id": 87306769433, "instrument_name": "BTC-21FEB25", "bids": [[96162.5, 8630.0], [96160.0, 30000.0], [96145.0, 1450.0], [96142.5, 4840.0], [96135.0, 23070.0], [96132.5, 76900.0], [96117.5, 10.0], [96115.0, 4940.0], [96112.5, 16470.0], [96087.5, 600.0], [96085.0, 2000.0], [96072.5, 600.0], [96070.0, 2000.0], [96007.5, 3960.0], [96005.0, 13200.0], [96002.5, 6800.0], [96000.0, 22650.0], [95970.0, 22570.0], [95967.5, 105000.0], [95965.0, 46330.0]], "asks": [[96172.5, 4840.0], [96187.5, 10.0], [96215.0, 3000.0], [96217.5, 10000.0], [96252.5, 4970.0], [96255.0, 16570.0], [96275.0, 600.0], [96277.5, 2000.0], [96350.0, 19450.0], [96352.5, 50000.0], [96355.0, 14840.0], [96380.0, 22230.0], [96412.5, 45490.0], [96432.5, 105000.0], [96462.5, 46050.0], [96495.0, 9640.0], [96532.5, 210000.0], [96560.0, 50000.0], [96615.0, 43820.0], [96700.0, 52820.0]]}}}
{"jsonrpc": "2.0", "method": "subscription", "params": {"channel": "book.BTC-14FEB25.none.20.100ms", "data": {"timestamp": 1738962107149, "change_id": 87306768855, "instrument_name": "BTC-14FEB25", "bids": [[96040.0, 30010.0], [96030.0, 120.0], [96025.0, 13740.0], [96022.5, 60650.0], [96020.0, 10.0], [96017.5, 23040.0], [96015.0, 76810.0], [96012.5, 1500.0], [96010.0, 6460.0], [96007.5, 4850.0], [96002.5, 1500.0], [96000.0, 5010.0], [95990.0, 1500.0], [95987.5, 5000.0], [95980.0, 1510.0], [95977.5, 5000.0], [95970.0, 18380.0], [95967.5, 61120.0], [95962.5, 1510.0], [95960.0, 5020.0]], "asks": [[96042.5, 4850.0], [96055.0, 1500.0], [96057.5, 5000.0], [96060.0, 1500.0], [96062.5, 5000.0], [96065.0, 1500.0], [96067.5, 5000.0], [96070.0, 120.0], [96080.0, 4320.0], [96082.5, 15000.0], [96092.5, 1500.0], [96095.0, 5000.0], [96100.0, 10.0], [96102.5, 13570.0], [96105.0, 45230.0], [96107.5, 1500.0], [96110.0, 5010.0], [96117.5, 1500.0], [96120.0, 5010.0], [96127.5, 1500.0]]}}}
{"jsonrpc": "2.0", "method": "subscription", "params": {"channel": "book.BTC-21FEB25.none.20.100ms", "data": {"timestamp": 1738962107661, "change_id": 87306770450, "instrument_name": "BTC-21FEB25", "bids": [[96162.5, 8630.0], [96160.0, 30000.0], [96142.5, 1450.0], [96140.0, 4840.0], [96135.0, 23070.0], [96132.5, 76900.0], [96117.5, 10.0], [96115.0, 4940.0], [96112.5, 16470.0], [96087.5, 600.0], [96085.0, 2000.0], [96072.5, 600.0], [96070.0, 2000.0], [96007.5, 3960.0], [96005.0, 13200.0], [96002.5, 6800.0], [96000.0, 22650.0], [95970.0, 22570.0], [95967.5, 105000.0], [95965.0, 46330.0]], "asks": [[96172.5, 4840.0], [96187.5, 10.0], [96215.0, 3000.0], [96217.5, 10000.0], [96237.5, 600.0], [96240.0, 2000.0], [96252.5, 4970.0], [96255.0, 16570.0], [96322.5, 15000.0], [96325.0, 50000.0], [96352.5, 4450.0], [96355.0, 14840.0], [96380.0, 22230.0], [96412.5, 45490.0], [96432.5, 105000.0], [96462.5, 46050.0], [96495.0, 9640.0], [96532.5, 210000.0], [96560.0, 50000.0], [96615.0, 43820.0]]}}}
{"jsonrpc": "2.0", "method": "subscription", "params": {"channel": "book.BTC-14FEB25.none.20.100ms", "data": {"timestamp": 1738962107659, "change_id": 87306770445, "instrument_name": "BTC-14FEB25", "bids": [[96040.0, 30010.0], [96025.0, 13740.0], [96022.5, 60650.0], [96020.0, 10.0], [96017.5, 23040.0], [96015.0, 76810.0], [96007.5, 1580.0], [96005.0, 4850.0], [96002.5, 1500.0], [96000.0, 5010.0], [95990.0, 1500.0], [95987.5, 5000.0], [95980.0, 1510.0], [95977.5, 5000.0], [95970.0, 18380.0], [95967.5, 61120.0], [95962.5, 1510.0], [95960.0, 5020.0], [95952.5, 1500.0], [95950.0, 5000.0]], "asks": [[96042.5, 4850.0], [96055.0, 1500.0], [96057.5, 5000.0], [96065.0, 1500.0], [96067.5, 5000.0], [96070.0, 120.0], [96080.0, 4510.0], [96082.5, 15000.0], [96092.5, 1500.0], [96095.0, 5000.0], [96100.0, 10.0], [96102.5, 13570.0], [96105.0, 45230.0], [96107.5, 1500.0], [96110.0, 5010.0], [96117.5, 1500.0], [96120.0, 5010.0], [96127.5, 1500.0], [96130.0, 5000.0], [96135.0, 16500.0]]}}}
{"jsonrpc": "2.0", "method": "subscription", "params": {"channel": "book.BTC-21FEB25.none.20.100ms", "data": {"timestamp": 1738962107893, "change_id": 87306771280, "instrument_name": "BTC-21FEB25", "bids": [[96162.5, 8630.0], [96160.0, 30000.0], [96142.5, 1450.0], [96140.0, 4840.0], [96132.5, 76900.0], [96117.5, 10.0], [96115.0, 4940.0], [96112.5, 16470.0], [96087.5, 600.0], [96085.0, 2000.0], [96072.5, 600.0], [96070.0, 2000.0], [96007.5, 3960.0], [96005.0, 13200.0], [96002.5, 6800.0], [96000.0, 22650.0], [95970.0, 22570.0], [95967.5, 105000.0], [95965.0, 46330.0], [95917.5, 45120.0]], "asks": [[96172.5, 4840.0], [96187.5, 10.0], [96215.0, 3000.0], [96217.5, 10000.0], [96240.0, 2000.0], [96252.5, 4970.0], [96255.0, 16570.0], [96300.0, 15000.0], [96302.5, 50000.0], [96352.5, 4450.0], [96355.0, 14840.0], [96380.0, 22230.0], [96412.5, 45490.0], [96432.5, 105000.0], [96462.5, 46050.0], [96495.0, 9640.0], [96532.5, 210000.0], [96560.0, 50000.0], [96615.0, 43820.0], [96700.0, 52820.0]]}}}
{"jsonrpc": "2.0", "method": "subscription", "params": {"channel": "book.BTC-14FEB25.none.20.100ms", "data": {"timestamp": 1738962107793, "change_id": 87306771007, "instrument_name": "BTC-14FEB25", "bids": [[96040.0, 30010.0], [96025.0, 13740.0], [96022.5, 60650.0], [96020.0, 10.0], [96017.5, 23160.0], [96015.0, 76810.0], [96012.5, 1500.0], [96010.0, 5000.0], [96007.5, 1460.0], [96005.0, 4850.0], [96002.5, 1500.0], [96000.0, 5010.0], [95990.0, 1500.0], [95987.5, 5000.0], [95980.0, 1510.0], [95977.5, 5000.0], [95970.0, 18380.0], [95967.5, 61120.0], [95962.5, 1510.0], [95960.0, 5020.0]], "asks": [[96042.5, 4850.0], [96055.0, 1500.0], [96057.5, 5000.0], [96065.0, 1500.0], [96067.5, 5000.0], [96070.0, 120.0], [96080.0, 4510.0], [96082.5, 15000.0], [96092.5, 1500.0], [96095.0, 5000.0], [96100.0, 10.0], [96102.5, 13570.0], [96105.0, 45230.0], [96107.5, 1500.0], [96110.0, 5010.0], [96117.5, 1500.0], [96120.0, 5010.0], [96127.5, 1500.0], [96130.0, 5000.0], [96135.0, 16500.0]]}}}
{"jsonrpc": "2.0", "method": "subscription", "params": {"channel": "book.BTC-21FEB25.none.20.100ms", "data": {"timestamp": 1738962108151, "change_id": 87306771767, "instrument_name": "BTC-21FEB25", "bids": [[96162.5, 8630.0], [96160.0, 30000.0], [96150.0, 4840.0], [96135.0, 23070.0], [96132.5, 76900.0], [96117.5, 10.0], [96115.0, 4940.0], [96112.5, 16470.0], [96087.5, 600.0], [96085.0, 2000.0], [96072.5, 600.0], [96070.0, 2000.0], [96002.5, 6800.0], [96000.0, 22650.0], [95970.0, 22570.0], [95967.5, 105000.0], [95965.0, 46330.0], [95917.5, 45120.0], [95840.0, 50000.0], [95785.0, 210000.0]], "asks": [[96182.5, 4840.0], [96187.5, 10.0], [96215.0, 3000.0], [96217.5, 10000.0], [96237.5, 600.0], [96240.0, 2000.0], [96275.0, 16590.0], [96290.0, 15000.0], [96292.5, 50000.0], [96352.5, 4450.0], [96355.0, 14840.0], [96380.0, 22230.0], [96412.5, 45490.0], [96432.5, 105000.0], [96462.5, 46050.0], [96495.0, 9640.0], [96532.5, 210000.0], [96560.0, 50000.0], [96615.0, 43820.0], [96700.0, 52820.0]]}}}
{"jsonrpc": "2.0", "method": "subscription", "params": {"channel": "book.BTC-14FEB25.none.20.100ms", "data": {"timestamp": 1738962108380, "change_id": 87306772680, "instrument_name": "BTC-14FEB25", "bids": [[96047.5, 530.0], [96045.0, 6300.0], [96042.5, 10000.0], [96040.0, 20010.0], [96027.5, 120.0], [96025.0, 13740.0], [96022.5, 60650.0], [96020.0, 10.0], [96017.5, 24500.0], [96015.0, 81660.0], [96012.5, 1500.0], [96010.0, 5000.0], [96002.5, 1500.0], [96000.0, 5010.0], [95990.0, 1500.0], [95987.5, 5000.0], [95980.0, 1510.0], [95977.5, 5000.0], [95970.0, 18380.0], [95967.5, 61120.0]], "asks": [[96050.0, 4850.0], [96067.5, 1540.0], [96070.0, 5120.0], [96080.0, 10.0], [96082.5, 15000.0], [96092.5, 1500.0], [96095.0, 5000.0], [96100.0, 10.0], [96102.5, 50000.0], [96105.0, 45230.0], [96107.5, 1500.0], [96110.0, 5010.0], [96117.5, 1500.0], [96120.0, 5010.0], [96130.0, 5000.0], [96140.0, 5010.0], [96150.0, 5000.0], [96160.0, 5010.0], [96167.5, 2100.0], [96170.0, 7000.0]]}}}
{"jsonrpc": "2.0", "method": "subscription", "params": {"channel": "book.BTC-14FEB25.none.20.100ms", "data": {"timestamp": 1738962108629, "change_id": 87306773557, "instrument_name": "BTC-14FEB25", "bids": [[96050.0, 10000.0], [96040.0, 20010.0], [96037.5, 120.0], [96030.0, 60650.0], [96027.5, 5000.0], [96025.0, 4850.0], [96020.0, 10.0], [96015.0, 76810.0], [96010.0, 5000.0], [96000.0, 5010.0], [95987.5, 5000.0], [95980.0, 61130.0], [95977.5, 5000.0], [95970.0, 40.0], [95960.0, 5020.0], [95950.0, 5000.0], [95945.0, 2000.0], [95940.0, 5010.0], [95920.0, 63710.0], [95907.5, 5000.0]], "asks": [[96077.5, 1200.0], [96080.0, 5010.0], [96082.5, 120.0], [96095.0, 5000.0], [96097.5, 10000.0], [96100.0, 10.0], [96102.5, 50000.0], [96105.0, 45230.0], [96110.0, 5010.0], [96120.0, 5010.0], [96130.0, 5000.0], [96140.0, 5010.0], [96150.0, 5000.0], [96160.0, 5010.0], [96170.0, 7000.0], [96180.0, 5010.0], [96182.5, 58320.0], [96185.0, 10.0], [96190.0, 5000.0], [96200.0, 26520.0]]}}}
{"jsonrpc": "2.0", "method": "subscription", "params": {"channel": "book.BTC-21FEB25.none.20.100ms", "data": {"timestamp": 1738962108613, "change_id": 87306773517, "instrument_name": "BTC-21FEB25", "bids": [[96175.0, 9000.0], [96172.5, 10000.0], [96170.0, 20000.0], [96162.5, 1450.0], [96160.0, 4840.0], [96135.0, 23070.0], [96132.5, 76900.0], [96117.5, 2300.0], [96115.0, 12570.0], [96112.5, 16470.0], [96090.0, 14940.0], [96087.5, 600.0], [96085.0, 2000.0], [96072.5, 600.0], [96070.0, 2000.0], [96000.0, 22650.0], [95967.5, 105000.0], [95965.0, 46330.0], [95917.5, 45120.0], [95840.0, 50000.0]], "asks": [[96187.5, 10.0], [96227.5, 3000.0], [96230.0, 10000.0], [96237.5, 600.0], [96240.0, 2000.0], [96265.0, 16630.0], [96355.0, 14840.0], [96380.0, 22230.0], [96410.0, 50000.0], [96412.5, 45490.0], [96432.5, 105000.0], [96462.5, 46050.0], [96495.0, 9640.0], [96532.5, 210000.0], [96560.0, 50000.0], [96615.0, 43820.0], [96700.0, 52820.0], [96702.5, 44220.0], [96802.5, 211300.0], [96840.0, 16500.0]]}}}
{"jsonrpc": "2.0", "method": "subscription", "params": {"channel": "book.BTC-21FEB25.none.20.100ms", "data": {"timestamp": 1738962109036, "change_id": 87306774731, "instrument_name": "BTC-21FEB25", "bids": [[96182.5, 30000.0], [96162.5, 1450.0], [96160.0, 4840.0], [96117.5, 2300.0], [96115.0, 12570.0], [96112.5, 16470.0], [96092.5, 4480.0], [96090.0, 14940.0], [96087.5, 600.0], [96085.0, 2000.0], [96072.5, 600.0], [96070.0, 2000.0], [96000.0, 22650.0], [95967.5, 105000.0], [95965.0, 46330.0], [95917.5, 45120.0], [95840.0, 50000.0], [95785.0, 210000.0], [95742.5, 50000.0], [95565.0, 300000.0]], "asks": [[96187.5, 10.0], [96190.0, 4840.0], [96227.5, 3000.0], [96230.0, 10000.0], [96235.0, 10.0], [96237.5, 600.0], [96240.0, 2000.0], [96285.0, 5050.0], [96287.5, 16820.0], [96352.5, 4450.0], [96355.0, 14840.0], [96377.5, 6670.0], [96380.0, 22230.0], [96410.0, 50000.0], [96412.5, 45490.0], [96432.5, 105000.0], [96462.5, 46050.0], [96495.0, 9640.0], [96532.5, 210000.0], [96560.0, 50000.0]]}}}
{"jsonrpc": "2.0", "method": "subscription", "params": {"channel": "book.BTC-14FEB25.none.20.100ms", "data": {"timestamp": 1738962109039, "change_id": 87306774741, "instrument_name": "BTC-14FEB25", "bids": [[96057.5, 20000.0], [96055.0, 1200.0], [96047.5, 3000.0], [96045.0, 10000.0], [96040.0, 10.0], [96037.5, 120.0], [96027.5, 1460.0], [96025.0, 4850.0], [96020.0, 10.0], [96012.5, 1500.0], [96010.0, 5000.0], [96002.5, 1500.0], [96000.0, 5010.0], [95990.0, 1500.0], [95987.5, 5000.0], [95985.0, 13740.0], [95982.5, 60650.0], [95980.0, 19850.0], [95977.5, 66120.0], [95970.0, 40.0]], "asks": [[96060.0, 4850.0], [96067.5, 1500.0], [96070.0, 5000.0], [96077.5, 4020.0], [96080.0, 10010.0], [96082.5, 120.0], [96092.5, 1850.0], [96095.0, 8000.0], [96097.5, 60000.0], [96100.0, 10.0], [96105.0, 45230.0], [96107.5, 1500.0], [96110.0, 5010.0], [96117.5, 1500.0], [96120.0, 5010.0], [96127.5, 1500.0], [96130.0, 5000.0], [96137.5, 1500.0], [96140.0, 5010.0], [96147.5, 1500.0]]}}}
{"jsonrpc": "2.0", "method": "subscription", "params": {"channel": "book.BTC-21FEB25.none.20.100ms", "data": {"timestamp": 1738962109232, "change_id": 87306776026, "instrument_name": "BTC-21FEB25", "bids": [[96172.5, 8630.0], [96170.0, 30000.0], [96155.0, 23080.0], [96152.5, 76920.0], [96150.0, 1450.0], [96147.5, 4840.0], [96117.5, 2300.0], [96115.0, 12570.0], [96112.5, 16470.0], [96090.0, 14940.0], [96087.5, 600.0], [96085.0, 2000.0], [96070.0, 2000.0], [96000.0, 22650.0], [95967.5, 105000.0], [95965.0, 46330.0], [95917.5, 45120.0], [95840.0, 50000.0], [95785.0, 210000.0], [95742.5, 50000.0]], "asks": [[96177.5, 4840.0], [96187.5, 10.0], [96227.5, 3000.0], [96230.0, 10000.0], [96235.0, 10.0], [96237.5, 600.0], [96240.0, 2000.0], [96305.0, 16010.0], [96355.0, 14840.0], [96377.5, 50000.0], [96380.0, 22230.0], [96412.5, 45490.0], [96432.5, 105000.0], [96462.5, 46050.0], [96495.0, 9640.0], [96532.5, 210000.0], [96560.0, 50000.0], [96615.0, 43820.0], [96700.0, 52820.0], [96702.5, 44220.0]]}}}
{"jsonrpc": "2.0", "method": "subscription", "params": {"channel": "book.BTC-14FEB25.none.20.100ms", "data": {"timestamp": 1738962109333, "change_id": 87306775959, "instrument_name": "BTC-14FEB25", "bids": [[96045.0, 1200.0], [96042.5, 1200.0], [96040.0, 20010.0], [96032.5, 76820.0], [96025.0, 120.0], [96020.0, 10.0], [96010.0, 9850.0], [96000.0, 5010.0], [95987.5, 5000.0], [95982.5, 60650.0], [95980.0, 10.0], [95977.5, 66120.0], [95970.0, 40.0], [95960.0, 5020.0], [95950.0, 5000.0], [95945.0, 2000.0], [95940.0, 5010.0], [95920.0, 63710.0], [95907.5, 5000.0], [95900.0, 10.0]], "asks": [[96047.5, 290.0], [96050.0, 4850.0], [96070.0, 5000.0], [96075.0, 5000.0], [96077.5, 1200.0], [96080.0, 10010.0], [96082.5, 120.0], [96095.0, 5000.0], [96097.5, 10000.0], [96100.0, 10.0], [96102.5, 50000.0], [96105.0, 45230.0], [96110.0, 5010.0], [96120.0, 5010.0], [96130.0, 5000.0], [96140.0, 5010.0], [96150.0, 5000.0], [96160.0, 5010.0], [96170.0, 7000.0], [96180.0, 5010.0]]}}}
{"jsonrpc": "2.0", "method": "subscription", "params": {"channel": "book.BTC-21FEB25.none.20.100ms", "data": {"timestamp": 1738962109630, "change_id": 87306776437, "instrument_name": "BTC-21FEB25", "bids": [[96172.5, 15630.0], [96170.0, 20000.0], [96150.0, 1450.0], [96147.5, 4840.0], [96117.5, 2300.0], [96115.0, 12570.0], [96112.5, 16470.0], [96092.5, 4480.0], [96090.0, 14940.0], [96087.5, 600.0], [96085.0, 2000.0], [96072.5, 600.0], [96070.0, 2000.0], [96000.0, 22650.0], [95967.5, 105000.0], [95965.0, 46330.0], [95917.5, 45120.0], [95840.0, 50000.0], [95785.0, 210000.0], [95742.5, 50000.0]], "asks": [[96177.5, 4840.0], [96187.5, 10.0], [96227.5, 3000.0], [96230.0, 10000.0], [96235.0, 10.0], [96237.5, 5460.0], [96240.0, 18460.0], [96350.0, 19450.0], [96352.5, 50000.0], [96355.0, 14840.0], [96377.5, 6670.0], [96380.0, 22230.0], [96412.5, 45490.0], [96432.5, 105000.0], [96462.5, 46050.0], [96495.0, 9640.0], [96532.5, 210000.0], [96560.0, 50000.0], [96615.0, 43820.0], [96700.0, 52820.0]]}}}
{"jsonrpc": "2.0", "method": "subscription", "params": {"channel": "book.BTC-14FEB25.none.20.100ms", "data": {"timestamp": 1738962109630, "change_id": 87306776436, "instrument_name": "BTC-14FEB25", "bids": [[96047.5, 1730.0], [96045.0, 1200.0], [96042.5, 7200.0], [96040.0, 20010.0], [96027.5, 10000.0], [96025.0, 120.0], [96020.0, 10.0], [96010.0, 9850.0], [96000.0, 5010.0], [95987.5, 5000.0], [95982.5, 60650.0], [95980.0, 10.0], [95977.5, 66120.0], [95970.0, 40.0], [95960.0, 5020.0], [95950.0, 5000.0], [95945.0, 2000.0], [95940.0, 5010.0], [95920.0, 63710.0], [95907.5, 5000.0]], "asks": [[96050.0, 4850.0], [96067.5, 1500.0], [96070.0, 5000.0], [96075.0, 5000.0], [96077.5, 1200.0], [96080.0, 10010.0], [96082.5, 120.0], [96087.5, 10000.0], [96095.0, 5000.0], [96100.0, 10.0], [96102.5, 50000.0], [96105.0, 45230.0], [96110.0, 5010.0], [96120.0, 5010.0], [96130.0, 5000.0], [96140.0, 5010.0], [96150.0, 5000.0], [96160.0, 5010.0], [96170.0, 7000.0], [96180.0, 5010.0]]}}}
{"jsonrpc": "2.0", "method": "subscription", "params": {"channel": "book.BTC-21FEB25.none.20.100ms", "data": {"timestamp": 1738962110031, "change_id": 87306777146, "instrument_name": "BTC-21FEB25", "bids": [[96177.5, 3000.0], [96175.0, 16000.0], [96170.0, 20000.0], [96150.0, 1450.0], [96147.5, 4840.0], [96117.5, 2300.0], [96115.0, 12570.0], [96112.5, 16470.0], [96092.5, 4480.0], [96090.0, 14940.0], [96087.5, 600.0], [96085.0, 2000.0], [96072.5, 600.0], [96070.0, 2000.0], [96000.0, 22650.0], [95967.5, 105000.0], [95965.0, 46330.0], [95917.5, 45120.0], [95840.0, 50000.0], [95785.0, 210000.0]], "asks": [[96187.5, 10.0], [96217.5, 3000.0], [96220.0, 10000.0], [96235.0, 10.0], [96237.5, 5460.0], [96240.0, 18460.0], [96350.0, 19450.0], [96352.5, 50000.0], [96355.0, 14840.0], [96377.5, 6670.0], [96380.0, 22230.0], [96412.5, 45490.0], [96432.5, 105000.0], [96462.5, 46050.0], [96495.0, 9640.0], [96532.5, 210000.0], [96560.0, 50000.0], [96615.0, 43820.0], [96700.0, 52820.0], [96702.5, 44220.0]]}}}
{"jsonrpc": "2.0", "method": "subscription", "params": {"channel": "book.BTC-14FEB25.none.20.100ms", "data": {"timestamp": 1738962110036, "change_id": 87306777159, "instrument_name": "BTC-14FEB25", "bids": [[96050.0, 1200.0], [96047.5, 1200.0], [96045.0, 1200.0], [96042.5, 7200.0], [96040.0, 20010.0], [96035.0, 120.0], [96030.0, 3040.0], [96027.5, 10000.0], [96020.0, 5010.0], [96012.5, 2960.0], [96010.0, 9850.0], [96000.0, 5010.0], [95987.5, 5000.0], [95982.5, 60650.0], [95980.0, 19850.0], [95977.5, 66120.0], [95970.0, 40.0], [95960.0, 5020.0], [95950.0, 5000.0], [95945.0, 2000.0]], "asks": [[96070.0, 2290.0], [96072.5, 5120.0], [96077.5, 2700.0], [96080.0, 5010.0], [96085.0, 3000.0], [96087.5, 10000.0], [96092.5, 1500.0], [96095.0, 5000.0], [96100.0, 10.0], [96102.5, 50000.0], [96105.0, 45230.0], [96107.5, 1500.0], [96110.0, 5010.0], [96120.0, 5010.0], [96130.0, 5000.0], [96140.0, 5010.0], [96150.0, 5000.0], [96160.0, 5010.0], [96167.5, 2100.0], [96170.0, 7000.0]]}}}
{"jsonrpc": "2.0", "method": "subscription", "params": {"channel": "book.BTC-21FEB25.none.20.100ms", "data": {"timestamp": 1738962110258, "change_id": 87306777760, "instrument_name": "BTC-21FEB25", "bids": [[96180.0, 10000.0], [96175.0, 6000.0], [96170.0, 20000.0], [96150.0, 1450.0], [96147.5, 4840.0], [96117.5, 2300.0], [96115.0, 12570.0], [96112.5, 16470.0], [96092.5, 4480.0], [96090.0, 14940.0], [96087.5, 600.0], [96085.0, 2000.0], [96072.5, 600.0], [96070.0, 2000.0], [96000.0, 22650.0], [95967.5, 105000.0], [95965.0, 46330.0], [95917.5, 45120.0], [95840.0, 50000.0], [95785.0, 210000.0]], "asks": [[96185.0, 4840.0], [96187.5, 10.0], [96217.5, 3000.0], [96220.0, 10000.0], [96235.0, 10.0], [96237.5, 5460.0], [96240.0, 18460.0], [96350.0, 19450.0], [96352.5, 50000.0], [96355.0, 14840.0], [96377.5, 6670.0], [96380.0, 22230.0], [96412.5, 45490.0], [96432.5, 105000.0], [96462.5, 46050.0], [96495.0, 9640.0], [96532.5, 210000.0], [96560.0, 50000.0], [96615.0, 43820.0], [96700.0, 52820.0]]}}}
{"jsonrpc": "2.0", "method": "subscription", "params": {"channel": "book.BTC-14FEB25.none.20.100ms", "data": {"timestamp": 1738962110261, "change_id": 87306777765, "instrument_name": "BTC-14FEB25", "bids": [[96050.0, 1200.0], [96047.5, 1200.0], [96045.0, 1200.0], [96042.5, 7200.0], [96040.0, 20010.0], [96035.0, 120.0], [96030.0, 3040.0], [96027.5, 10000.0], [96020.0, 5010.0], [96017.5, 4850.0], [96010.0, 5000.0], [96000.0, 5010.0], [95987.5, 5000.0], [95982.5, 60650.0], [95980.0, 19850.0], [95977.5, 66120.0], [95970.0, 40.0], [95960.0, 5020.0], [95950.0, 5000.0], [95945.0, 2000.0]], "asks": [[96052.5, 4850.0], [96070.0, 2290.0], [96072.5, 5120.0], [96077.5, 2700.0], [96080.0, 5010.0], [96085.0, 3000.0], [96087.5, 10000.0], [96092.5, 1500.0], [96095.0, 5000.0], [96100.0, 10.0], [96102.5, 50000.0], [96105.0, 45230.0], [96107.5, 1500.0], [96110.0, 5010.0], [96120.0, 5010.0], [96130.0, 5000.0], [96140.0, 5010.0], [96150.0, 5000.0], [96160.0, 5010.0], [96167.5, 2100.0]]}}}
{"jsonrpc": "2.0", "method": "subscription", "params": {"channel": "book.BTC-14FEB25.none.20.100ms", "data": {"timestamp": 1738962110681, "change_id": 87306778208, "instrument_name": "BTC-14FEB25", "bids": [[96050.0, 1200.0], [96047.5, 1200.0], [96045.0, 1200.0], [96042.5, 7200.0], [96040.0, 23050.0], [96037.5, 10000.0], [96035.0, 120.0], [96020.0, 5010.0], [96017.5, 4850.0], [96010.0, 5000.0], [96000.0, 5010.0], [95987.5, 5000.0], [95982.5, 60650.0], [95980.0, 19850.0], [95977.5, 66120.0], [95970.0, 40.0], [95960.0, 5020.0], [95950.0, 5000.0], [95945.0, 2000.0], [95940.0, 5010.0]], "asks": [[96052.5, 4850.0], [96070.0, 2290.0], [96072.5, 5120.0], [96077.5, 2700.0], [96080.0, 5010.0], [96085.0, 3000.0], [96087.5, 10000.0], [96092.5, 1500.0], [96095.0, 5000.0], [96100.0, 10.0], [96102.5, 50000.0], [96105.0, 45230.0], [96107.5, 1500.0], [96110.0, 5010.0], [96120.0, 5010.0], [96130.0, 5000.0], [96140.0, 5010.0], [96150.0, 5000.0], [96160.0, 5010.0], [96167.5, 2100.0]]}}}
{"jsonrpc": "2.0", "method": "subscription", "params": {"channel": "book.BTC-21FEB25.none.20.100ms", "data": {"timestamp": 1738962110870, "change_id": 87306778612, "instrument_name": "BTC-21FEB25", "bids": [[96180.0, 3000.0], [96177.5, 10000.0], [96175.0, 6000.0], [96170.0, 20000.0], [96150.0, 1450.0], [96147.5, 4840.0], [96117.5, 2300.0], [96115.0, 12570.0], [96112.5, 16470.0], [96092.5, 4480.0], [96090.0, 14940.0], [96087.5, 600.0], [96085.0, 2000.0], [96072.5, 600.0], [96070.0, 2000.0], [96000.0, 22650.0], [95967.5, 105000.0], [95965.0, 46330.0], [95917.5, 45120.0], [95840.0, 50000.0]], "asks": [[96185.0, 4840.0], [96187.5, 10.0], [96217.5, 3000.0], [96220.0, 10000.0], [96235.0, 10.0], [96237.5, 5460.0], [96240.0, 18460.0], [96340.0, 15000.0], [96342.5, 50000.0], [96352.5, 4450.0], [96355.0, 14840.0], [96377.5, 6670.0], [96380.0, 22230.0], [96412.5, 45490.0], [96432.5, 105000.0], [96462.5, 46050.0], [96495.0, 9640.0], [96532.5, 210000.0], [96560.0, 50000.0], [96615.0, 43820.0]]}}}
{"jsonrpc": "2.0", "method": "subscription", "params": {"channel": "book.BTC-21FEB25.none.20.100ms", "data": {"timestamp": 1738962111269, "change_id": 87306779652, "instrument_name": "BTC-21FEB25", "bids": [[96170.0, 30000.0], [96140.0, 4840.0], [96117.5, 16230.0], [96115.0, 7630.0], [96090.0, 14940.0], [96085.0, 2000.0], [96070.0, 2000.0], [96000.0, 22650.0], [95967.5, 105000.0], [95965.0, 46330.0], [95917.5, 45120.0], [95840.0, 50000.0], [95785.0, 210000.0], [95742.5, 50000.0], [95565.0, 300000.0], [95530.0, 10.0], [95457.5, 50000.0], [95395.0, 46240.0], [95317.5, 300000.0], [95182.5, 45490.0]], "asks": [[96175.0, 4840.0], [96187.5, 10.0], [96220.0, 10000.0], [96235.0, 10.0], [96240.0, 18460.0], [96355.0, 14840.0], [96377.5, 50000.0], [96380.0, 22230.0], [96412.5, 45490.0], [96432.5, 105000.0], [96462.5, 46050.0], [96495.0, 9640.0], [96532.5, 210000.0], [96560.0, 50000.0], [96615.0, 43820.0], [96700.0, 52820.0], [96702.5, 44220.0], [96802.5, 211300.0], [96840.0, 16500.0], [96870.0, 29510.0]]}}}
{"jsonrpc": "2.0", "method": "subscription", "params": {"channel": "book.BTC-14FEB25.none.20.100ms", "data": {"timestamp": 1738962111352, "change_id": 87306779755, "instrument_name": "BTC-14FEB25", "bids": [[96042.5, 1200.0], [96040.0, 20010.0], [96035.0, 120.0], [96032.5, 3000.0], [96030.0, 10000.0], [96020.0, 10.0], [96012.5, 5000.0], [96005.0, 4850.0], [96000.0, 5010.0], [95987.5, 5000.0], [95982.5, 60650.0], [95980.0, 19850.0], [95977.5, 66120.0], [95970.0, 40.0], [95960.0, 5020.0], [95952.5, 1500.0], [95950.0, 5000.0], [95945.0, 2000.0], [95940.0, 5010.0], [95922.5, 19110.0]], "asks": [[96045.0, 4850.0], [96062.5, 1500.0], [96065.0, 5000.0], [96067.5, 1860.0], [96070.0, 7290.0], [96072.5, 5120.0], [96077.5, 2700.0], [96080.0, 5010.0], [96085.0, 3000.0], [96087.5, 10000.0], [96092.5, 1500.0], [96095.0, 5000.0], [96097.5, 50000.0], [96100.0, 10.0], [96105.0, 45230.0], [96107.5, 1500.0], [96110.0, 5010.0], [96120.0, 5010.0], [96130.0, 5000.0], [96137.5, 1500.0]]}}}
{"jsonrpc": "2.0", "method": "subscription", "params": {"channel": "book.BTC-21FEB25.none.20.100ms", "data": {"timestamp": 1738962111691, "change_id": 87306780174, "instrument_name": "BTC-21FEB25", "bids": [[96170.0, 30000.0], [96140.0, 4840.0], [96117.5, 16230.0], [96115.0, 7630.0], [96090.0, 14940.0], [96085.0, 2000.0], [96070.0, 2000.0], [96000.0, 22650.0], [95967.5, 105000.0], [95965.0, 46330.0], [95917.5, 45120.0], [95840.0, 50000.0], [95785.0, 210000.0], [95742.5, 50000.0], [95565.0, 300000.0], [95530.0, 10.0], [95457.5, 50000.0], [95395.0, 46240.0], [95317.5, 300000.0], [95182.5, 45490.0]], "asks": [[96175.0, 4840.0], [96187.5, 10.0], [96220.0, 10000.0], [96235.0, 10.0], [96240.0, 2000.0], [96275.0, 16250.0], [96355.0, 14840.0], [96377.5, 50000.0], [96380.0, 22230.0], [96412.5, 45490.0], [96432.5, 105000.0], [96462.5, 46050.0], [96495.0, 9640.0], [96532.5, 210000.0], [96560.0, 50000.0], [96615.0, 43820.0], [96700.0, 52820.0], [96702.5, 44220.0], [96802.5, 211300.0], [96840.0, 16500.0]]}}}
{"jsonrpc": "2.0", "method": "subscription", "params": {"channel": "book.BTC-14FEB25.none.20.100ms", "data": {"timestamp": 1738962111643, "change_id": 87306780081, "instrument_name": "BTC-14FEB25", "bids": [[96042.5, 11200.0], [96040.0, 20010.0], [96035.0, 120.0], [96020.0, 10.0], [96012.5, 9850.0], [96000.0, 5010.0], [95987.5, 5000.0], [95982.5, 60650.0], [95980.0, 19850.0], [95977.5, 66120.0], [95970.0, 40.0], [95960.0, 5020.0], [95952.5, 1500.0], [95950.0, 5000.0], [95945.0, 2000.0], [95940.0, 5010.0], [95922.5, 19110.0], [95920.0, 63710.0], [95910.0, 1500.0], [95907.5, 5000.0]], "asks": [[96045.0, 4850.0], [96062.5, 1500.0], [96065.0, 5000.0], [96067.5, 1860.0], [96070.0, 7290.0], [96072.5, 5120.0], [96077.5, 2700.0], [96080.0, 5010.0], [96085.0, 3000.0], [96087.5, 10000.0], [96092.5, 1500.0], [96095.0, 5000.0], [96097.5, 50000.0], [96100.0, 10.0], [96105.0, 45230.0], [96107.5, 1500.0], [96110.0, 5010.0], [96120.0, 5010.0], [96130.0, 5000.0], [96137.5, 1500.0]]}}}
{"jsonrpc": "2.0", "method": "subscription", "params": {"channel": "book.BTC-21FEB25.none.20.100ms", "data": {"timestamp": 1738962111999, "change_id": 87306781018, "instrument_name": "BTC-21FEB25", "bids": [[96180.0, 2100.0], [96177.5, 10000.0], [96175.0, 6000.0], [96170.0, 20000.0], [96150.0, 4840.0], [96117.5, 16230.0], [96115.0, 7630.0], [96090.0, 14940.0], [96085.0, 2000.0], [96070.0, 2000.0], [96000.0, 22650.0], [95967.5, 105000.0], [95965.0, 46330.0], [95917.5, 45120.0], [95840.0, 50000.0], [95785.0, 210000.0], [95742.5, 50000.0], [95565.0, 300000.0], [95530.0, 10.0], [95457.5, 50000.0]], "asks": [[96187.5, 10.0], [96190.0, 4840.0], [96217.5, 3000.0], [96220.0, 10000.0], [96235.0, 10.0], [96240.0, 2000.0], [96272.5, 4880.0], [96275.0, 16250.0], [96355.0, 14840.0], [96375.0, 50000.0], [96380.0, 22230.0], [96412.5, 45490.0], [96432.5, 105000.0], [96462.5, 46050.0], [96495.0, 9640.0], [96532.5, 210000.0], [96560.0, 50000.0], [96615.0, 43820.0], [96700.0, 52820.0], [96702.5, 44220.0]]}}}
{"jsonrpc": "2.0", "method": "subscription", "params": {"channel": "book.BTC-14FEB25.none.20.100ms", "data": {"timestamp": 1738962111989, "change_id": 87306780984, "instrument_name": "BTC-14FEB25", "bids": [[96045.0, 10560.0], [96042.5, 11200.0], [96040.0, 20010.0], [96035.0, 120.0], [96025.0, 2770.0], [96022.5, 5000.0], [96020.0, 4860.0], [96012.5, 5000.0], [96000.0, 5010.0], [95987.5, 5000.0], [95982.5, 60650.0], [95980.0, 19850.0], [95977.5, 66120.0], [95960.0, 5020.0], [95952.5, 1500.0], [95950.0, 5000.0], [95945.0, 2000.0], [95940.0, 5010.0], [95922.5, 19110.0], [95920.0, 63710.0]], "asks": [[96052.5, 4850.0], [96070.0, 2740.0], [96072.5, 5120.0], [96077.5, 2700.0], [96080.0, 5010.0], [96085.0, 3000.0], [96087.5, 10000.0], [96095.0, 5000.0], [96100.0, 10.0], [96102.5, 50000.0], [96105.0, 45230.0], [96110.0, 5010.0], [96120.0, 5010.0], [96130.0, 5000.0], [96137.5, 1500.0], [96140.0, 5010.0], [96150.0, 5000.0], [96160.0, 5010.0], [96170.0, 7000.0], [96177.5, 1500.0]]}}}
