{"jsonrpc": "2.0", "method": "subscription", "params": {"channel": "book.BTC-7MAR25.none.20.100ms", "data": {"timestamp": 1741242971596, "change_id": 91244897120, "instrument_name": "BTC-7MAR25", "bids": [[91947.5, 1200.0], [91945.0, 7200.0], [91942.5, 2720.0], [91940.0, 16050.0], [91930.0, 10000.0], [91927.5, 6000.0], [91922.5, 61170.0], [91917.5, 6000.0], [91910.0, 2600.0], [91905.0, 6000.0], [91900.0, 20.0], [91895.0, 6000.0], [91880.0, 6000.0], [91872.5, 40.0], [91870.0, 66510.0], [91840.0, 6000.0], [91837.5, 26580.0], [91830.0, 6000.0], [91820.0, 6000.0], [91817.5, 60760.0]], "asks": [[91960.0, 1210.0], [91962.5, 1200.0], [91965.0, 39130.0], [91967.5, 51200.0], [91972.5, 2600.0], [91980.0, 8000.0], [91990.0, 6000.0], [91997.5, 10000.0], [92000.0, 6120.0], [92002.5, 18970.0], [92007.5, 2600.0], [92015.0, 6000.0], [92017.5, 62070.0], [92020.0, 40.0], [92025.0, 6000.0], [92042.5, 6000.0], [92072.5, 6000.0], [92085.0, 14090.0], [92087.5, 6000.0], [92090.0, 61300.0]]}}}
{"jsonrpc": "2.0", "method": "subscription", "params": {"channel": "book.BTC-14MAR25.none.20.100ms", "data": {"timestamp": 1741242971575, "change_id": 91244896910, "instrument_name": "BTC-14MAR25", "bids": [[92092.5, 4200.0], [92090.0, 10.0], [92082.5, 2600.0], [92080.0, 4200.0], [92070.0, 4200.0], [92065.0, 10000.0], [92062.5, 23990.0], [92060.0, 4200.0], [92047.5, 4200.0], [92040.0, 2480.0], [92037.5, 4200.0], [92027.5, 7350.0], [92022.5, 4200.0], [92020.0, 20.0], [92012.5, 4200.0], [92010.0, 15420.0], [92002.5, 4200.0], [91982.5, 26910.0], [91972.5, 4200.0], [91970.0, 44480.0]], "asks": [[92117.5, 2480.0], [92120.0, 4200.0], [92130.0, 4200.0], [92135.0, 10200.0], [92145.0, 4200.0], [92147.5, 10.0], [92150.0, 120.0], [92155.0, 4200.0], [92162.5, 2000.0], [92165.0, 4200.0], [92167.5, 50020.0], [92170.0, 26970.0], [92175.0, 4200.0], [92187.5, 3510.0], [92190.0, 4200.0], [92197.5, 14570.0], [92200.0, 4200.0], [92202.5, 26640.0], [92217.5, 4200.0], [92222.5, 10.0]]}}}
{"jsonrpc": "2.0", "method": "subscription", "params": {"channel": "book.BTC-7MAR25.none.20.100ms", "data": {"timestamp": 1741242971826, "change_id": 91244897671, "instrument_name": "BTC-7MAR25", "bids": [[91942.5, 8720.0], [91930.0, 10000.0], [91927.5, 6000.0], [91922.5, 61170.0], [91917.5, 6000.0], [91912.5, 16110.0], [91910.0, 2600.0], [91905.0, 6000.0], [91900.0, 20.0], [91895.0, 6000.0], [91880.0, 6000.0], [91872.5, 40.0], [91870.0, 66510.0], [91840.0, 6000.0], [91837.5, 26580.0], [91830.0, 6000.0], [91820.0, 6000.0], [91817.5, 60760.0], [91810.0, 6000.0], [91800.0, 6040.0]], "asks": [[91960.0, 1210.0], [91962.5, 1200.0], [91965.0, 39130.0], [91967.5, 1200.0], [91972.5, 2600.0], [91977.5, 50000.0], [91980.0, 8000.0], [91982.5, 10000.0], [91990.0, 6000.0], [92000.0, 6120.0], [92007.5, 2600.0], [92015.0, 6000.0], [92017.5, 62070.0], [92020.0, 40.0], [92025.0, 6000.0], [92042.5, 6000.0], [92072.5, 6000.0], [92085.0, 14090.0], [92087.5, 6000.0], [92090.0, 61300.0]]}}}
{"jsonrpc": "2.0", "method": "subscription", "params": {"channel": "book.BTC-14MAR25.none.20.100ms", "data": {"timestamp": 1741242971802, "change_id": 91244897578, "instrument_name": "BTC-14MAR25", "bids": [[92090.0, 10.0], [92082.5, 2600.0], [92080.0, 4200.0], [92070.0, 4200.0], [92065.0, 10000.0], [92062.5, 24330.0], [92060.0, 4200.0], [92047.5, 4200.0], [92040.0, 2480.0], [92037.5, 4200.0], [92027.5, 7350.0], [92022.5, 4200.0], [92020.0, 20.0], [92012.5, 4200.0], [92010.0, 15420.0], [92002.5, 4200.0], [91982.5, 26910.0], [91972.5, 4200.0], [91970.0, 44480.0], [91955.0, 4200.0]], "asks": [[92117.5, 6680.0], [92120.0, 14200.0], [92130.0, 4200.0], [92132.5, 120.0], [92135.0, 200.0], [92145.0, 4200.0], [92147.5, 10.0], [92155.0, 4200.0], [92162.5, 2000.0], [92165.0, 4200.0], [92167.5, 50020.0], [92170.0, 26970.0], [92175.0, 4200.0], [92187.5, 3510.0], [92190.0, 4200.0], [92197.5, 14570.0], [92200.0, 4200.0], [92202.5, 26640.0], [92217.5, 4200.0], [92222.5, 10.0]]}}}
{"jsonrpc": "2.0", "method": "subscription", "params": {"channel": "book.BTC-14MAR25.none.20.100ms", "data": {"timestamp": 1741242972068, "change_id": 91244898222, "instrument_name": "BTC-14MAR25", "bids": [[92090.0, 10.0], [92085.0, 2040.0], [92082.5, 2600.0], [92080.0, 4200.0], [92072.5, 1260.0], [92070.0, 4200.0], [92067.5, 3000.0], [92065.0, 18560.0], [92062.5, 24330.0], [92060.0, 4200.0], [92050.0, 1260.0], [92047.5, 4200.0], [92042.5, 740.0], [92040.0, 3740.0], [92037.5, 4200.0], [92030.0, 2210.0], [92027.5, 7350.0], [92025.0, 1270.0], [92022.5, 4200.0], [92020.0, 20.0]], "asks": [[92117.5, 10940.0], [92120.0, 14200.0], [92127.5, 1260.0], [92130.0, 4200.0], [92132.5, 120.0], [92135.0, 200.0], [92142.5, 1260.0], [92145.0, 4200.0], [92147.5, 10.0], [92152.5, 1260.0], [92155.0, 4200.0], [92160.0, 1860.0], [92162.5, 2000.0], [92165.0, 27300.0], [92167.5, 50020.0], [92170.0, 26970.0], [92172.5, 1260.0], [92175.0, 4200.0], [92185.0, 2310.0], [92187.5, 3510.0]]}}}
{"jsonrpc": "2.0", "method": "subscription", "params": {"channel": "book.BTC-7MAR25.none.20.100ms", "data": {"timestamp": 1741242972237, "change_id": 91244898429, "instrument_name": "BTC-7MAR25", "bids": [[91947.5, 10.0], [91942.5, 8720.0], [91932.5, 3000.0], [91930.0, 11800.0], [91927.5, 6000.0], [91920.0, 19380.0], [91917.5, 6000.0], [91915.0, 66780.0], [91912.5, 16110.0], [91910.0, 2600.0], [91907.5, 1800.0], [91905.0, 6000.0], [91900.0, 20.0], [91897.5, 1800.0], [91895.0, 6000.0], [91882.5, 1800.0], [91880.0, 6000.0], [91872.5, 1840.0], [91870.0, 6000.0], [91865.0, 18150.0]], "asks": [[91955.0, 1920.0], [91957.5, 1200.0], [91960.0, 13300.0], [91962.5, 37930.0], [91970.0, 780.0], [91972.5, 2600.0], [91975.0, 17400.0], [91977.5, 50000.0], [91980.0, 11000.0], [91982.5, 10000.0], [91987.5, 1840.0], [91990.0, 6120.0], [91992.5, 13830.0], [91995.0, 46090.0], [91997.5, 1800.0], [92000.0, 6000.0], [92005.0, 780.0], [92007.5, 2600.0], [92012.5, 1800.0], [92015.0, 10810.0]]}}}
{"jsonrpc": "2.0", "method": "subscription", "params": {"channel": "book.BTC-7MAR25.none.20.100ms", "data": {"timestamp": 1741242972403, "change_id": 91244898726, "instrument_name": "BTC-7MAR25", "bids": [[91942.5, 8720.0], [91932.5, 3000.0], [91930.0, 11800.0], [91927.5, 6000.0], [91920.0, 19380.0], [91917.5, 6000.0], [91915.0, 66780.0], [91912.5, 16110.0], [91910.0, 2600.0], [91907.5, 1800.0], [91905.0, 6000.0], [91900.0, 20.0], [91897.5, 1800.0], [91895.0, 6000.0], [91882.5, 1800.0], [91880.0, 6000.0], [91872.5, 1840.0], [91870.0, 6000.0], [91865.0, 18150.0], [91862.5, 60510.0]], "asks": [[91955.0, 1920.0], [91957.5, 1200.0], [91960.0, 13300.0], [91962.5, 37930.0], [91970.0, 780.0], [91972.5, 2600.0], [91975.0, 17400.0], [91977.5, 50000.0], [91980.0, 11000.0], [91982.5, 10000.0], [91987.5, 1840.0], [91990.0, 6120.0], [91992.5, 13830.0], [91995.0, 46090.0], [91997.5, 1800.0], [92000.0, 6000.0], [92005.0, 780.0], [92007.5, 2600.0], [92012.5, 1800.0], [92015.0, 10810.0]]}}}
{"jsonrpc": "2.0", "method": "subscription", "params": {"channel": "book.BTC-14MAR25.none.20.100ms", "data": {"timestamp": 1741242972551, "change_id": 91244898694, "instrument_name": "BTC-14MAR25", "bids": [[92090.0, 10.0], [92085.0, 2040.0], [92082.5, 2600.0], [92080.0, 4200.0], [92072.5, 1260.0], [92070.0, 4200.0], [92067.5, 3000.0], [92065.0, 18560.0], [92062.5, 24330.0], [92060.0, 4200.0], [92050.0, 1260.0], [92047.5, 4200.0], [92042.5, 740.0], [92040.0, 3740.0], [92037.5, 4200.0], [92035.0, 2210.0], [92032.5, 7350.0], [92025.0, 1270.0], [92022.5, 4200.0], [92020.0, 20.0]], "asks": [[92100.0, 1560.0], [92102.5, 2600.0], [92105.0, 3380.0], [92107.5, 2600.0], [92117.5, 10940.0], [92120.0, 14200.0], [92127.5, 1260.0], [92130.0, 4200.0], [92132.5, 120.0], [92135.0, 200.0], [92142.5, 1260.0], [92145.0, 4200.0], [92147.5, 10.0], [92152.5, 1260.0], [92155.0, 4200.0], [92160.0, 1860.0], [92162.5, 2000.0], [92165.0, 27300.0], [92167.5, 50020.0], [92170.0, 26970.0]]}}}
{"jsonrpc": "2.0", "method": "subscription", "params": {"channel": "book.BTC-14MAR25.none.20.100ms", "data": {"timestamp": 1741242972861, "change_id": 91244899364, "instrument_name": "BTC-14MAR25", "bids": [[92092.5, 1260.0], [92090.0, 4210.0], [92085.0, 2040.0], [92082.5, 2600.0], [92080.0, 4200.0], [92072.5, 1260.0], [92070.0, 4200.0], [92067.5, 3000.0], [92065.0, 18560.0], [92062.5, 24330.0], [92060.0, 4200.0], [92050.0, 1260.0], [92047.5, 4200.0], [92042.5, 740.0], [92040.0, 3740.0], [92037.5, 4200.0], [92035.0, 2210.0], [92032.5, 7350.0], [92025.0, 1270.0], [92022.5, 4200.0]], "asks": [[92100.0, 1560.0], [92102.5, 2600.0], [92105.0, 2600.0], [92117.5, 10940.0], [92120.0, 14200.0], [92127.5, 1260.0], [92130.0, 4200.0], [92132.5, 120.0], [92135.0, 200.0], [92142.5, 1260.0], [92145.0, 4200.0], [92147.5, 10.0], [92152.5, 1260.0], [92155.0, 4200.0], [92160.0, 1860.0], [92162.5, 2000.0], [92165.0, 27300.0], [92167.5, 50020.0], [92170.0, 26970.0], [92172.5, 1260.0]]}}}
{"jsonrpc": "2.0", "method": "subscription", "params": {"channel": "book.BTC-7MAR25.none.20.100ms", "data": {"timestamp": 1741242972920, "change_id": 91244899503, "instrument_name": "BTC-7MAR25", "bids": [[91952.5, 120.0], [91945.0, 2580.0], [91942.5, 8600.0], [91932.5, 3000.0], [91930.0, 11800.0], [91927.5, 6000.0], [91920.0, 19380.0], [91917.5, 6000.0], [91915.0, 66780.0], [91912.5, 16110.0], [91910.0, 2600.0], [91907.5, 1800.0], [91905.0, 6000.0], [91900.0, 20.0], [91897.5, 1800.0], [91895.0, 6000.0], [91882.5, 1800.0], [91880.0, 6000.0], [91872.5, 1840.0], [91870.0, 6000.0]], "asks": [[91955.0, 1210.0], [91957.5, 12940.0], [91960.0, 39130.0], [91970.0, 780.0], [91972.5, 2600.0], [91975.0, 17400.0], [91977.5, 50000.0], [91980.0, 11000.0], [91982.5, 10000.0], [91987.5, 1840.0], [91990.0, 6120.0], [91992.5, 13830.0], [91995.0, 46090.0], [91997.5, 1800.0], [92000.0, 6000.0], [92005.0, 780.0], [92007.5, 2600.0], [92012.5, 1800.0], [92015.0, 10810.0], [92017.5, 15980.0]]}}}
{"jsonrpc": "2.0", "method": "subscription", "params": {"channel": "book.BTC-14MAR25.none.20.100ms", "data": {"timestamp": 1741242973014, "change_id": 91244899640, "instrument_name": "BTC-14MAR25", "bids": [[92090.0, 10.0], [92085.0, 2040.0], [92082.5, 2600.0], [92080.0, 4200.0], [92077.5, 9460.0], [92075.0, 31530.0], [92072.5, 1260.0], [92070.0, 4200.0], [92067.5, 3000.0], [92065.0, 18560.0], [92062.5, 24330.0], [92060.0, 4200.0], [92050.0, 1260.0], [92047.5, 4200.0], [92042.5, 740.0], [92040.0, 3740.0], [92037.5, 4200.0], [92035.0, 2210.0], [92032.5, 7350.0], [92025.0, 1270.0]], "asks": [[92100.0, 1560.0], [92102.5, 2600.0], [92105.0, 2600.0], [92117.5, 10940.0], [92120.0, 14200.0], [92127.5, 1260.0], [92130.0, 4200.0], [92132.5, 120.0], [92135.0, 200.0], [92142.5, 1260.0], [92145.0, 4200.0], [92147.5, 10.0], [92152.5, 1260.0], [92155.0, 4200.0], [92160.0, 1860.0], [92162.5, 2000.0], [92165.0, 27300.0], [92167.5, 50020.0], [92170.0, 26970.0], [92172.5, 1260.0]]}}}
{"jsonrpc": "2.0", "method": "subscription", "params": {"channel": "book.BTC-7MAR25.none.20.100ms", "data": {"timestamp": 1741242973015, "change_id": 91244899642, "instrument_name": "BTC-7MAR25", "bids": [[91952.5, 120.0], [91945.0, 2580.0], [91942.5, 8600.0], [91932.5, 3000.0], [91930.0, 11800.0], [91927.5, 6000.0], [91920.0, 27170.0], [91917.5, 6000.0], [91915.0, 98250.0], [91912.5, 16110.0], [91910.0, 2600.0], [91907.5, 1800.0], [91905.0, 6000.0], [91900.0, 20.0], [91897.5, 1800.0], [91895.0, 6000.0], [91882.5, 1800.0], [91880.0, 6000.0], [91872.5, 1840.0], [91870.0, 6000.0]], "asks": [[91955.0, 1210.0], [91957.5, 12940.0], [91960.0, 39130.0], [91970.0, 780.0], [91972.5, 2600.0], [91975.0, 17400.0], [91977.5, 50000.0], [91980.0, 11000.0], [91982.5, 10000.0], [91987.5, 1840.0], [91990.0, 6120.0], [91992.5, 13830.0], [91995.0, 46090.0], [91997.5, 1800.0], [92000.0, 6000.0], [92005.0, 780.0], [92007.5, 2600.0], [92012.5, 1800.0], [92015.0, 10810.0], [92017.5, 15980.0]]}}}
{"jsonrpc": "2.0", "method": "subscription", "params": {"channel": "book.BTC-7MAR25.none.20.100ms", "data": {"timestamp": 1741242973575, "change_id": 91244901068, "instrument_name": "BTC-7MAR25", "bids": [[91940.0, 120.0], [91935.0, 3800.0], [91930.0, 10000.0], [91917.5, 6000.0], [91915.0, 61170.0], [91910.0, 2600.0], [91907.5, 16230.0], [91905.0, 6000.0], [91900.0, 20.0], [91895.0, 6000.0], [91880.0, 6000.0], [91872.5, 40.0], [91870.0, 6000.0], [91862.5, 60510.0], [91860.0, 6000.0], [91850.0, 6000.0], [91840.0, 6000.0], [91830.0, 6000.0], [91822.5, 14070.0], [91820.0, 6000.0]], "asks": [[91950.0, 1200.0], [91952.5, 1200.0], [91955.0, 39130.0], [91957.5, 1200.0], [91965.0, 2600.0], [91970.0, 6000.0], [91977.5, 50000.0], [91980.0, 8000.0], [91982.5, 10000.0], [91990.0, 6120.0], [91995.0, 46090.0], [92000.0, 6000.0], [92007.5, 2600.0], [92015.0, 6000.0], [92017.5, 15980.0], [92020.0, 40.0], [92025.0, 6000.0], [92042.5, 6000.0], [92050.0, 61300.0], [92052.5, 6000.0]]}}}
{"jsonrpc": "2.0", "method": "subscription", "params": {"channel": "book.BTC-14MAR25.none.20.100ms", "data": {"timestamp": 1741242973568, "change_id": 91244901054, "instrument_name": "BTC-14MAR25", "bids": [[92090.0, 10.0], [92082.5, 120.0], [92077.5, 740.0], [92075.0, 2480.0], [92072.5, 1260.0], [92070.0, 4200.0], [92067.5, 3000.0], [92065.0, 10000.0], [92062.5, 1260.0], [92060.0, 4200.0], [92050.0, 8260.0], [92047.5, 4200.0], [92045.0, 23850.0], [92042.5, 740.0], [92040.0, 3740.0], [92037.5, 4200.0], [92035.0, 2210.0], [92032.5, 7350.0], [92025.0, 1270.0], [92022.5, 4200.0]], "asks": [[92107.5, 740.0], [92110.0, 3740.0], [92112.5, 4200.0], [92115.0, 5000.0], [92117.5, 4200.0], [92120.0, 10000.0], [92127.5, 1260.0], [92130.0, 4200.0], [92132.5, 120.0], [92135.0, 940.0], [92137.5, 2480.0], [92142.5, 1260.0], [92145.0, 4200.0], [92147.5, 10.0], [92152.5, 1260.0], [92155.0, 4200.0], [92160.0, 1860.0], [92162.5, 2000.0], [92165.0, 27300.0], [92167.5, 50020.0]]}}}
{"jsonrpc": "2.0", "method": "subscription", "params": {"channel": "book.BTC-14MAR25.none.20.100ms", "data": {"timestamp": 1741242973923, "change_id": 91244902054, "instrument_name": "BTC-14MAR25", "bids": [[92090.0, 10.0], [92082.5, 120.0], [92077.5, 740.0], [92075.0, 2480.0], [92072.5, 1260.0], [92070.0, 4200.0], [92067.5, 10070.0], [92065.0, 34830.0], [92062.5, 1260.0], [92060.0, 4200.0], [92050.0, 8260.0], [92047.5, 4200.0], [92042.5, 740.0], [92040.0, 3740.0], [92037.5, 4200.0], [92035.0, 2210.0], [92032.5, 7350.0], [92025.0, 1270.0], [92022.5, 4200.0], [92020.0, 20.0]], "asks": [[92107.5, 740.0], [92110.0, 3740.0], [92112.5, 4200.0], [92115.0, 5000.0], [92117.5, 4200.0], [92120.0, 10000.0], [92122.5, 120.0], [92127.5, 1260.0], [92130.0, 4200.0], [92135.0, 940.0], [92137.5, 2480.0], [92142.5, 1260.0], [92145.0, 4200.0], [92147.5, 10.0], [92152.5, 1260.0], [92155.0, 4200.0], [92160.0, 1860.0], [92162.5, 2000.0], [92165.0, 27300.0], [92167.5, 50020.0]]}}}
{"jsonrpc": "2.0", "method": "subscription", "params": {"channel": "book.BTC-7MAR25.none.20.100ms", "data": {"timestamp": 1741242973759, "change_id": 91244901645, "instrument_name": "BTC-7MAR25", "bids": [[91940.0, 120.0], [91935.0, 3800.0], [91930.0, 10000.0], [91917.5, 6000.0], [91915.0, 61170.0], [91910.0, 2600.0], [91907.5, 16230.0], [91905.0, 6000.0], [91900.0, 20.0], [91895.0, 6000.0], [91880.0, 6000.0], [91872.5, 40.0], [91870.0, 6000.0], [91862.5, 60510.0], [91860.0, 6000.0], [91850.0, 6000.0], [91840.0, 6000.0], [91830.0, 6000.0], [91822.5, 14070.0], [91820.0, 6000.0]], "asks": [[91950.0, 1200.0], [91952.5, 1200.0], [91955.0, 39130.0], [91957.5, 1200.0], [91965.0, 2600.0], [91970.0, 6000.0], [91977.5, 50000.0], [91980.0, 8000.0], [91982.5, 10000.0], [91990.0, 6120.0], [91995.0, 46090.0], [92000.0, 6000.0], [92007.5, 2600.0], [92015.0, 6000.0], [92017.5, 15980.0], [92020.0, 40.0], [92025.0, 6000.0], [92042.5, 6000.0], [92050.0, 61300.0], [92052.5, 6000.0]]}}}
{"jsonrpc": "2.0", "method": "subscription", "params": {"channel": "book.BTC-14MAR25.none.20.100ms", "data": {"timestamp": 1741242974253, "change_id": 91244902535, "instrument_name": "BTC-14MAR25", "bids": [[92090.0, 10.0], [92082.5, 120.0], [92077.5, 740.0], [92075.0, 2480.0], [92072.5, 1260.0], [92070.0, 4200.0], [92067.5, 10070.0], [92065.0, 34830.0], [92062.5, 1260.0], [92060.0, 4200.0], [92050.0, 8670.0], [92047.5, 4200.0], [92045.0, 25210.0], [92042.5, 740.0], [92040.0, 3740.0], [92037.5, 4200.0], [92035.0, 2210.0], [92032.5, 7350.0], [92025.0, 1270.0], [92022.5, 4200.0]], "asks": [[92107.5, 740.0], [92110.0, 3740.0], [92112.5, 4200.0], [92115.0, 5000.0], [92117.5, 4200.0], [92120.0, 10000.0], [92122.5, 120.0], [92127.5, 1260.0], [92130.0, 4200.0], [92135.0, 20210.0], [92137.5, 2480.0], [92142.5, 1260.0], [92145.0, 4200.0], [92147.5, 10.0], [92152.5, 1260.0], [92155.0, 4200.0], [92160.0, 1860.0], [92162.5, 2000.0], [92165.0, 27300.0], [92167.5, 50020.0]]}}}
{"jsonrpc": "2.0", "method": "subscription", "params": {"channel": "book.BTC-7MAR25.none.20.100ms", "data": {"timestamp": 1741242974254, "change_id": 91244902550, "instrument_name": "BTC-7MAR25", "bids": [[91942.5, 10.0], [91940.0, 120.0], [91935.0, 3800.0], [91932.5, 3000.0], [91930.0, 10000.0], [91917.5, 24350.0], [91915.0, 61170.0], [91912.5, 780.0], [91910.0, 2600.0], [91907.5, 1800.0], [91905.0, 10960.0], [91902.5, 16510.0], [91900.0, 20.0], [91897.5, 1800.0], [91895.0, 6000.0], [91885.0, 1800.0], [91880.0, 6000.0], [91872.5, 1840.0], [91870.0, 6000.0], [91865.0, 19950.0]], "asks": [[91945.0, 1200.0], [91950.0, 1920.0], [91952.5, 1200.0], [91955.0, 26500.0], [91957.5, 88030.0], [91962.5, 780.0], [91965.0, 2600.0], [91967.5, 1800.0], [91970.0, 6000.0], [91977.5, 21640.0], [91980.0, 11000.0], [91982.5, 10000.0], [91987.5, 1840.0], [91990.0, 6120.0], [91992.5, 13830.0], [91995.0, 46090.0], [91997.5, 1800.0], [92000.0, 6000.0], [92005.0, 780.0], [92007.5, 2600.0]]}}}
{"jsonrpc": "2.0", "method": "subscription", "params": {"channel": "book.BTC-7MAR25.none.20.100ms", "data": {"timestamp": 1741242974454, "change_id": 91244903269, "instrument_name": "BTC-7MAR25", "bids": [[91940.0, 130.0], [91935.0, 2600.0], [91930.0, 10000.0], [91922.5, 1800.0], [91920.0, 6000.0], [91912.5, 14420.0], [91910.0, 63770.0], [91907.5, 1800.0], [91905.0, 6000.0], [91900.0, 20.0], [91897.5, 1800.0], [91895.0, 6000.0], [91887.5, 5020.0], [91885.0, 18530.0], [91880.0, 6000.0], [91872.5, 1840.0], [91870.0, 6000.0], [91865.0, 1800.0], [91860.0, 24150.0], [91857.5, 60510.0]], "asks": [[91942.5, 1200.0], [91950.0, 13240.0], [91952.5, 1200.0], [91955.0, 51000.0], [91957.5, 50000.0], [91962.5, 780.0], [91965.0, 2600.0], [91967.5, 1800.0], [91970.0, 9000.0], [91972.5, 10000.0], [91975.0, 8170.0], [91977.5, 19240.0], [91980.0, 8120.0], [91987.5, 1840.0], [91990.0, 6000.0], [91992.5, 13830.0], [91995.0, 46090.0], [91997.5, 1800.0], [92000.0, 6000.0], [92005.0, 780.0]]}}}
{"jsonrpc": "2.0", "method": "subscription", "params": {"channel": "book.BTC-14MAR25.none.20.100ms", "data": {"timestamp": 1741242974565, "change_id": 91244903349, "instrument_name": "BTC-14MAR25", "bids": [[92090.0, 10.0], [92082.5, 120.0], [92077.5, 740.0], [92075.0, 2480.0], [92072.5, 1260.0], [92070.0, 4200.0], [92067.5, 10070.0], [92065.0, 34830.0], [92062.5, 1260.0], [92060.0, 4200.0], [92050.0, 8670.0], [92047.5, 4200.0], [92045.0, 25210.0], [92042.5, 740.0], [92040.0, 3740.0], [92037.5, 4200.0], [92035.0, 2210.0], [92032.5, 7350.0], [92025.0, 1270.0], [92022.5, 4200.0]], "asks": [[92095.0, 4160.0], [92097.5, 2600.0], [92100.0, 3380.0], [92102.5, 2600.0], [92105.0, 3740.0], [92110.0, 13740.0], [92115.0, 1260.0], [92117.5, 4200.0], [92122.5, 120.0], [92125.0, 50000.0], [92127.5, 1260.0], [92130.0, 4200.0], [92132.5, 5840.0], [92135.0, 20210.0], [92137.5, 2480.0], [92142.5, 1260.0], [92145.0, 4200.0], [92147.5, 10.0], [92152.5, 1260.0], [92155.0, 4200.0]]}}}
{"jsonrpc": "2.0", "method": "subscription", "params": {"channel": "book.BTC-14MAR25.none.20.100ms", "data": {"timestamp": 1741242974835, "change_id": 91244903884, "instrument_name": "BTC-14MAR25", "bids": [[92090.0, 10.0], [92082.5, 120.0], [92077.5, 740.0], [92075.0, 2480.0], [92072.5, 1260.0], [92070.0, 4200.0], [92067.5, 10070.0], [92065.0, 34830.0], [92062.5, 1260.0], [92060.0, 4200.0], [92050.0, 8670.0], [92047.5, 4200.0], [92045.0, 25210.0], [92042.5, 740.0], [92040.0, 3740.0], [92037.5, 4200.0], [92035.0, 2210.0], [92032.5, 7350.0], [92025.0, 1270.0], [92022.5, 4200.0]], "asks": [[92095.0, 3380.0], [92097.5, 2600.0], [92105.0, 3740.0], [92110.0, 13740.0], [92115.0, 1260.0], [92117.5, 4200.0], [92122.5, 120.0], [92127.5, 1260.0], [92130.0, 4200.0], [92132.5, 5840.0], [92135.0, 70210.0], [92137.5, 2480.0], [92142.5, 1260.0], [92145.0, 4200.0], [92147.5, 10.0], [92152.5, 1260.0], [92155.0, 4200.0], [92160.0, 1860.0], [92162.5, 2000.0], [92165.0, 4200.0]]}}}
{"jsonrpc": "2.0", "method": "subscription", "params": {"channel": "book.BTC-7MAR25.none.20.100ms", "data": {"timestamp": 1741242974804, "change_id": 91244903789, "instrument_name": "BTC-7MAR25", "bids": [[91940.0, 130.0], [91935.0, 2600.0], [91932.5, 3000.0], [91930.0, 10000.0], [91922.5, 1800.0], [91920.0, 6000.0], [91912.5, 14420.0], [91910.0, 63770.0], [91907.5, 1800.0], [91905.0, 6000.0], [91900.0, 20.0], [91897.5, 1800.0], [91895.0, 6000.0], [91887.5, 5020.0], [91885.0, 18530.0], [91880.0, 6000.0], [91872.5, 1840.0], [91870.0, 6000.0], [91865.0, 1800.0], [91860.0, 24150.0]], "asks": [[91942.5, 1200.0], [91950.0, 13240.0], [91952.5, 1200.0], [91955.0, 51000.0], [91957.5, 50000.0], [91962.5, 780.0], [91965.0, 2600.0], [91967.5, 1800.0], [91970.0, 9000.0], [91972.5, 10000.0], [91975.0, 8170.0], [91977.5, 19240.0], [91980.0, 8120.0], [91987.5, 1840.0], [91990.0, 6000.0], [91992.5, 13830.0], [91995.0, 46090.0], [91997.5, 1800.0], [92000.0, 6000.0], [92005.0, 780.0]]}}}
{"jsonrpc": "2.0", "method": "subscription", "params": {"channel": "book.BTC-14MAR25.none.20.100ms", "data": {"timestamp": 1741242975067, "change_id": 91244904347, "instrument_name": "BTC-14MAR25", "bids": [[92090.0, 10.0], [92082.5, 120.0], [92077.5, 740.0], [92075.0, 2480.0], [92072.5, 1260.0], [92070.0, 4200.0], [92067.5, 10070.0], [92065.0, 34830.0], [92062.5, 1260.0], [92060.0, 4200.0], [92050.0, 8670.0], [92047.5, 4200.0], [92045.0, 25210.0], [92042.5, 740.0], [92040.0, 3740.0], [92037.5, 4200.0], [92035.0, 2210.0], [92032.5, 7350.0], [92025.0, 1270.0], [92022.5, 4200.0]], "asks": [[92095.0, 3380.0], [92097.5, 2600.0], [92105.0, 3740.0], [92110.0, 13740.0], [92115.0, 1260.0], [92117.5, 4200.0], [92122.5, 120.0], [92127.5, 1260.0], [92130.0, 4200.0], [92132.5, 5840.0], [92135.0, 50940.0], [92137.5, 2480.0], [92142.5, 1260.0], [92145.0, 4200.0], [92147.5, 10.0], [92152.5, 1260.0], [92155.0, 4200.0], [92160.0, 1860.0], [92162.5, 2000.0], [92165.0, 4200.0]]}}}
{"jsonrpc": "2.0", "method": "subscription", "params": {"channel": "book.BTC-7MAR25.none.20.100ms", "data": {"timestamp": 1741242975066, "change_id": 91244904346, "instrument_name": "BTC-7MAR25", "bids": [[91940.0, 130.0], [91935.0, 2600.0], [91932.5, 3000.0], [91930.0, 10000.0], [91922.5, 1800.0], [91920.0, 6000.0], [91912.5, 14420.0], [91910.0, 63770.0], [91907.5, 1800.0], [91905.0, 6000.0], [91900.0, 20.0], [91897.5, 1800.0], [91895.0, 6000.0], [91887.5, 5020.0], [91885.0, 18530.0], [91880.0, 6000.0], [91872.5, 1840.0], [91870.0, 6000.0], [91865.0, 1800.0], [91860.0, 24150.0]], "asks": [[91942.5, 1200.0], [91950.0, 13240.0], [91952.5, 39230.0], [91955.0, 12970.0], [91957.5, 50000.0], [91962.5, 780.0], [91965.0, 2600.0], [91967.5, 1800.0], [91970.0, 9000.0], [91972.5, 10000.0], [91975.0, 2440.0], [91980.0, 8120.0], [91987.5, 1840.0], [91990.0, 6000.0], [91992.5, 13830.0], [91995.0, 46090.0], [91997.5, 1800.0], [92000.0, 6000.0], [92005.0, 780.0], [92007.5, 2600.0]]}}}
{"jsonrpc": "2.0", "method": "subscription", "params": {"channel": "book.BTC-14MAR25.none.20.100ms", "data": {"timestamp": 1741242975358, "change_id": 91244904609, "instrument_name": "BTC-14MAR25", "bids": [[92090.0, 10.0], [92082.5, 120.0], [92077.5, 740.0], [92075.0, 2480.0], [92072.5, 1260.0], [92070.0, 4200.0], [92067.5, 10070.0], [92065.0, 34830.0], [92062.5, 1260.0], [92060.0, 4200.0], [92050.0, 1260.0], [92047.5, 4200.0], [92042.5, 740.0], [92040.0, 10980.0], [92037.5, 4200.0], [92035.0, 26880.0], [92032.5, 7350.0], [92025.0, 1270.0], [92022.5, 4200.0], [92020.0, 20.0]], "asks": [[92095.0, 2600.0], [92100.0, 780.0], [92102.5, 2600.0], [92105.0, 3740.0], [92110.0, 13740.0], [92115.0, 1260.0], [92117.5, 4200.0], [92122.5, 120.0], [92127.5, 1260.0], [92130.0, 4200.0], [92132.5, 14330.0], [92135.0, 50940.0], [92137.5, 2480.0], [92142.5, 1260.0], [92145.0, 4200.0], [92147.5, 10.0], [92152.5, 1260.0], [92155.0, 4200.0], [92160.0, 1860.0], [92162.5, 2000.0]]}}}
{"jsonrpc": "2.0", "method": "subscription", "params": {"channel": "book.BTC-7MAR25.none.20.100ms", "data": {"timestamp": 1741242975790, "change_id": 91244905687, "instrument_name": "BTC-7MAR25", "bids": [[91952.5, 10.0], [91950.0, 6560.0], [91947.5, 6000.0], [91945.0, 7200.0], [91940.0, 120.0], [91937.5, 1700.0], [91935.0, 6000.0], [91932.5, 3000.0], [91930.0, 10000.0], [91922.5, 1800.0], [91920.0, 6000.0], [91912.5, 14420.0], [91910.0, 63770.0], [91907.5, 1800.0], [91905.0, 6000.0], [91900.0, 20.0], [91897.5, 1800.0], [91895.0, 6000.0], [91887.5, 5020.0], [91885.0, 18530.0]], "asks": [[91955.0, 38030.0], [91967.5, 15000.0], [91970.0, 53000.0], [91972.5, 10000.0], [91975.0, 1420.0], [91977.5, 2600.0], [91980.0, 2120.0], [91987.5, 1840.0], [91990.0, 6000.0], [91992.5, 13830.0], [91995.0, 46090.0], [91997.5, 1800.0], [92000.0, 6000.0], [92005.0, 780.0], [92007.5, 2600.0], [92012.5, 1800.0], [92015.0, 10810.0], [92017.5, 15980.0], [92020.0, 40.0], [92022.5, 1800.0]]}}}
{"jsonrpc": "2.0", "method": "subscription", "params": {"channel": "book.BTC-14MAR25.none.20.100ms", "data": {"timestamp": 1741242975810, "change_id": 91244905715, "instrument_name": "BTC-14MAR25", "bids": [[92100.0, 1260.0], [92097.5, 4200.0], [92090.0, 750.0], [92087.5, 2480.0], [92085.0, 1300.0], [92082.5, 4320.0], [92072.5, 1260.0], [92070.0, 4200.0], [92067.5, 10070.0], [92065.0, 34830.0], [92062.5, 1260.0], [92060.0, 4200.0], [92050.0, 1260.0], [92047.5, 4200.0], [92042.5, 740.0], [92040.0, 10980.0], [92037.5, 4200.0], [92035.0, 26880.0], [92032.5, 7350.0], [92025.0, 1270.0]], "asks": [[92107.5, 5600.0], [92110.0, 11260.0], [92117.5, 740.0], [92120.0, 2480.0], [92122.5, 120.0], [92127.5, 1260.0], [92130.0, 4200.0], [92135.0, 940.0], [92137.5, 2480.0], [92142.5, 1260.0], [92145.0, 4200.0], [92147.5, 50010.0], [92152.5, 1260.0], [92155.0, 4200.0], [92160.0, 1860.0], [92162.5, 2000.0], [92165.0, 4200.0], [92167.5, 7370.0], [92170.0, 24490.0], [92172.5, 1260.0]]}}}
{"jsonrpc": "2.0", "method": "subscription", "params": {"channel": "book.BTC-14MAR25.none.20.100ms", "data": {"timestamp": 1741242976146, "change_id": 91244906678, "instrument_name": "BTC-14MAR25", "bids": [[92102.5, 1260.0], [92100.0, 4200.0], [92097.5, 740.0], [92095.0, 3740.0], [92092.5, 4320.0], [92090.0, 10.0], [92085.0, 1300.0], [92082.5, 4200.0], [92075.0, 10000.0], [92072.5, 1260.0], [92070.0, 4200.0], [92067.5, 10070.0], [92065.0, 24830.0], [92062.5, 1260.0], [92060.0, 4200.0], [92050.0, 1260.0], [92047.5, 4200.0], [92042.5, 740.0], [92040.0, 10980.0], [92037.5, 4200.0]], "asks": [[92122.5, 6280.0], [92125.0, 13340.0], [92127.5, 2480.0], [92132.5, 1360.0], [92135.0, 4520.0], [92142.5, 1260.0], [92145.0, 4200.0], [92147.5, 10.0], [92150.0, 24240.0], [92152.5, 1260.0], [92155.0, 4200.0], [92157.5, 50000.0], [92160.0, 1860.0], [92162.5, 2000.0], [92165.0, 4200.0], [92167.5, 20.0], [92170.0, 2480.0], [92172.5, 1260.0], [92175.0, 4200.0], [92185.0, 2310.0]]}}}
{"jsonrpc": "2.0", "method": "subscription", "params": {"channel": "book.BTC-7MAR25.none.20.100ms", "data": {"timestamp": 1741242976238, "change_id": 91244906673, "instrument_name": "BTC-7MAR25", "bids": [[91952.5, 6010.0], [91950.0, 4880.0], [91947.5, 6000.0], [91945.0, 1200.0], [91937.5, 1700.0], [91935.0, 6000.0], [91932.5, 3000.0], [91930.0, 10000.0], [91922.5, 1800.0], [91920.0, 6000.0], [91915.0, 45800.0], [91910.0, 2600.0], [91907.5, 1800.0], [91905.0, 6000.0], [91900.0, 20.0], [91897.5, 1800.0], [91895.0, 6000.0], [91887.5, 5020.0], [91885.0, 18530.0], [91880.0, 6000.0]], "asks": [[91955.0, 38030.0], [91967.5, 15000.0], [91970.0, 53000.0], [91975.0, 600.0], [91980.0, 2000.0], [91982.5, 780.0], [91985.0, 7400.0], [91987.5, 10000.0], [91990.0, 6000.0], [91992.5, 13950.0], [91995.0, 46090.0], [91997.5, 18580.0], [92000.0, 6000.0], [92005.0, 780.0], [92007.5, 2600.0], [92012.5, 1800.0], [92015.0, 6000.0], [92020.0, 40.0], [92022.5, 1800.0], [92025.0, 6000.0]]}}}
{"jsonrpc": "2.0", "method": "subscription", "params": {"channel": "book.BTC-7MAR25.none.20.100ms", "data": {"timestamp": 1741242976536, "change_id": 91244907654, "instrument_name": "BTC-7MAR25", "bids": [[91965.0, 780.0], [91962.5, 2600.0], [91960.0, 2280.0], [91957.5, 7200.0], [91955.0, 4540.0], [91952.5, 7210.0], [91950.0, 4890.0], [91947.5, 6000.0], [91945.0, 7200.0], [91942.5, 5600.0], [91940.0, 10000.0], [91937.5, 1700.0], [91935.0, 6000.0], [91930.0, 13740.0], [91927.5, 61170.0], [91922.5, 1800.0], [91920.0, 6000.0], [91907.5, 1800.0], [91905.0, 6000.0], [91900.0, 20.0]], "asks": [[91977.5, 12610.0], [91980.0, 38030.0], [91982.5, 15680.0], [91985.0, 54800.0], [91987.5, 10000.0], [91995.0, 1800.0], [92000.0, 6000.0], [92005.0, 14510.0], [92007.5, 120.0], [92010.0, 46090.0], [92012.5, 3800.0], [92015.0, 6000.0], [92017.5, 5050.0], [92020.0, 16830.0], [92022.5, 1800.0], [92025.0, 6000.0], [92040.0, 1800.0], [92042.5, 6000.0], [92047.5, 18390.0], [92050.0, 63100.0]]}}}
{"jsonrpc": "2.0", "method": "subscription", "params": {"channel": "book.BTC-14MAR25.none.20.100ms", "data": {"timestamp": 1741242976495, "change_id": 91244907604, "instrument_name": "BTC-14MAR25", "bids": [[92117.5, 3380.0], [92115.0, 4640.0], [92112.5, 2600.0], [92110.0, 4200.0], [92105.0, 1850.0], [92102.5, 6680.0], [92092.5, 4320.0], [92090.0, 10.0], [92082.5, 4200.0], [92075.0, 10000.0], [92072.5, 3740.0], [92070.0, 4200.0], [92062.5, 1260.0], [92060.0, 4200.0], [92050.0, 1260.0], [92047.5, 4200.0], [92040.0, 1260.0], [92037.5, 4200.0], [92035.0, 26880.0], [92032.5, 7350.0]], "asks": [[92122.5, 2900.0], [92125.0, 12600.0], [92135.0, 200.0], [92142.5, 1260.0], [92145.0, 4200.0], [92147.5, 130.0], [92152.5, 1260.0], [92155.0, 4200.0], [92165.0, 4200.0], [92167.5, 50020.0], [92170.0, 2480.0], [92172.5, 26550.0], [92175.0, 4200.0], [92185.0, 2310.0], [92187.5, 3510.0], [92190.0, 4200.0], [92192.5, 600.0], [92195.0, 7630.0], [92197.5, 14570.0], [92200.0, 12190.0]]}}}
{"jsonrpc": "2.0", "method": "subscription", "params": {"channel": "book.BTC-7MAR25.none.20.100ms", "data": {"timestamp": 1741242976895, "change_id": 91244908426, "instrument_name": "BTC-7MAR25", "bids": [[91965.0, 6010.0], [91962.5, 8600.0], [91960.0, 120.0], [91957.5, 2160.0], [91955.0, 7200.0], [91952.5, 3360.0], [91950.0, 13360.0], [91945.0, 7980.0], [91942.5, 2600.0], [91937.5, 1700.0], [91935.0, 6000.0], [91930.0, 18350.0], [91927.5, 61170.0], [91922.5, 1800.0], [91920.0, 6000.0], [91907.5, 1800.0], [91905.0, 6000.0], [91900.0, 20.0], [91897.5, 1800.0], [91895.0, 6000.0]], "asks": [[91967.5, 1200.0], [91972.5, 1200.0], [91977.5, 1200.0], [91980.0, 38030.0], [91982.5, 15680.0], [91985.0, 54800.0], [91990.0, 780.0], [91992.5, 2600.0], [91995.0, 1800.0], [92000.0, 6000.0], [92005.0, 14510.0], [92007.5, 120.0], [92010.0, 46090.0], [92012.5, 3800.0], [92015.0, 6000.0], [92017.5, 5050.0], [92020.0, 16830.0], [92022.5, 1800.0], [92025.0, 6000.0], [92037.5, 780.0]]}}}
{"jsonrpc": "2.0", "method": "subscription", "params": {"channel": "book.BTC-14MAR25.none.20.100ms", "data": {"timestamp": 1741242976800, "change_id": 91244908428, "instrument_name": "BTC-14MAR25", "bids": [[92117.5, 3380.0], [92115.0, 4640.0], [92112.5, 2600.0], [92110.0, 4200.0], [92105.0, 1930.0], [92102.5, 6800.0], [92092.5, 4200.0], [92090.0, 10.0], [92085.0, 10000.0], [92082.5, 33390.0], [92072.5, 3740.0], [92070.0, 4200.0], [92062.5, 1260.0], [92060.0, 4200.0], [92050.0, 1260.0], [92047.5, 4200.0], [92040.0, 1260.0], [92037.5, 4200.0], [92035.0, 26880.0], [92032.5, 7350.0]], "asks": [[92122.5, 2600.0], [92125.0, 2600.0], [92135.0, 940.0], [92137.5, 2480.0], [92142.5, 1260.0], [92145.0, 4200.0], [92147.5, 130.0], [92152.5, 1260.0], [92155.0, 4200.0], [92165.0, 4200.0], [92167.5, 20.0], [92170.0, 2480.0], [92172.5, 76550.0], [92175.0, 4200.0], [92185.0, 2310.0], [92187.5, 3510.0], [92190.0, 4200.0], [92195.0, 7630.0], [92197.5, 14570.0], [92200.0, 12190.0]]}}}
{"jsonrpc": "2.0", "method": "subscription", "params": {"channel": "book.BTC-14MAR25.none.20.100ms", "data": {"timestamp": 1741242976904, "change_id": 91244908461, "instrument_name": "BTC-14MAR25", "bids": [[92117.5, 3380.0], [92115.0, 4640.0], [92112.5, 2600.0], [92110.0, 4200.0], [92105.0, 1930.0], [92102.5, 6800.0], [92092.5, 4200.0], [92090.0, 10.0], [92085.0, 10000.0], [92082.5, 33390.0], [92072.5, 3740.0], [92070.0, 4200.0], [92062.5, 1260.0], [92060.0, 4200.0], [92050.0, 1260.0], [92047.5, 4200.0], [92040.0, 1260.0], [92037.5, 4200.0], [92035.0, 26880.0], [92032.5, 7350.0]], "asks": [[92122.5, 2600.0], [92125.0, 2600.0], [92135.0, 940.0], [92137.5, 2480.0], [92140.0, 4260.0], [92142.5, 10000.0], [92145.0, 4200.0], [92147.5, 130.0], [92152.5, 1260.0], [92155.0, 4200.0], [92165.0, 4200.0], [92167.5, 20.0], [92170.0, 2480.0], [92172.5, 76550.0], [92175.0, 4200.0], [92185.0, 2310.0], [92187.5, 3510.0], [92190.0, 4200.0], [92195.0, 7630.0], [92197.5, 14570.0]]}}}
{"jsonrpc": "2.0", "method": "subscription", "params": {"channel": "book.BTC-7MAR25.none.20.100ms", "data": {"timestamp": 1741242977145, "change_id": 91244908901, "instrument_name": "BTC-7MAR25", "bids": [[91965.0, 6010.0], [91962.5, 8600.0], [91960.0, 120.0], [91955.0, 1200.0], [91952.5, 3360.0], [91950.0, 13360.0], [91945.0, 7980.0], [91942.5, 2600.0], [91937.5, 1700.0], [91935.0, 6000.0], [91930.0, 18350.0], [91927.5, 61170.0], [91922.5, 1800.0], [91920.0, 6000.0], [91907.5, 1800.0], [91905.0, 6000.0], [91900.0, 20.0], [91897.5, 1800.0], [91895.0, 6000.0], [91887.5, 4480.0]], "asks": [[91967.5, 1200.0], [91972.5, 1200.0], [91977.5, 1200.0], [91980.0, 38030.0], [91982.5, 15680.0], [91985.0, 54800.0], [91990.0, 780.0], [91992.5, 2600.0], [91995.0, 1800.0], [92000.0, 6000.0], [92002.5, 3000.0], [92005.0, 24510.0], [92007.5, 120.0], [92010.0, 46090.0], [92012.5, 3800.0], [92015.0, 6000.0], [92017.5, 5050.0], [92020.0, 16830.0], [92022.5, 1800.0], [92025.0, 6000.0]]}}}
{"jsonrpc": "2.0", "method": "subscription", "params": {"channel": "book.BTC-14MAR25.none.20.100ms", "data": {"timestamp": 1741242977387, "change_id": 91244909293, "instrument_name": "BTC-14MAR25", "bids": [[92120.0, 4160.0], [92117.5, 2600.0], [92115.0, 4640.0], [92112.5, 2600.0], [92110.0, 4980.0], [92107.5, 2600.0], [92105.0, 1930.0], [92102.5, 6800.0], [92095.0, 1260.0], [92092.5, 4200.0], [92090.0, 10.0], [92087.5, 3000.0], [92085.0, 20020.0], [92082.5, 33390.0], [92075.0, 2000.0], [92072.5, 2480.0], [92070.0, 4200.0], [92062.5, 1260.0], [92060.0, 4200.0], [92055.0, 2210.0]], "asks": [[92135.0, 940.0], [92137.5, 2480.0], [92140.0, 3000.0], [92142.5, 10000.0], [92145.0, 4200.0], [92147.5, 130.0], [92152.5, 1260.0], [92155.0, 4200.0], [92162.5, 1260.0], [92165.0, 4200.0], [92167.5, 760.0], [92170.0, 26330.0], [92172.5, 75290.0], [92175.0, 4200.0], [92185.0, 2310.0], [92187.5, 3510.0], [92190.0, 4200.0], [92192.5, 600.0], [92195.0, 7630.0], [92197.5, 14570.0]]}}}
{"jsonrpc": "2.0", "method": "subscription", "params": {"channel": "book.BTC-7MAR25.none.20.100ms", "data": {"timestamp": 1741242977431, "change_id": 91244909319, "instrument_name": "BTC-7MAR25", "bids": [[91970.0, 120.0], [91967.5, 1810.0], [91965.0, 8620.0], [91962.5, 8600.0], [91955.0, 1200.0], [91952.5, 3360.0], [91950.0, 12160.0], [91945.0, 7980.0], [91942.5, 2600.0], [91937.5, 1700.0], [91935.0, 6000.0], [91930.0, 18350.0], [91927.5, 61170.0], [91922.5, 1800.0], [91920.0, 6000.0], [91907.5, 1800.0], [91905.0, 6000.0], [91900.0, 20.0], [91897.5, 1800.0], [91895.0, 6000.0]], "asks": [[91972.5, 1210.0], [91977.5, 1200.0], [91980.0, 38030.0], [91982.5, 15680.0], [91985.0, 54800.0], [91990.0, 780.0], [91992.5, 2600.0], [91995.0, 1800.0], [92000.0, 6000.0], [92002.5, 3000.0], [92005.0, 24510.0], [92007.5, 120.0], [92010.0, 46090.0], [92012.5, 3800.0], [92015.0, 6000.0], [92017.5, 5050.0], [92020.0, 16830.0], [92022.5, 1800.0], [92025.0, 6000.0], [92037.5, 780.0]]}}}
{"jsonrpc": "2.0", "method": "subscription", "params": {"channel": "book.BTC-7MAR25.none.20.100ms", "data": {"timestamp": 1741242977875, "change_id": 91244910010, "instrument_name": "BTC-7MAR25", "bids": [[91970.0, 130.0], [91967.5, 1810.0], [91965.0, 6780.0], [91962.5, 2600.0], [91955.0, 1200.0], [91952.5, 3360.0], [91950.0, 12160.0], [91945.0, 21620.0], [91942.5, 2600.0], [91940.0, 61170.0], [91937.5, 1700.0], [91935.0, 6000.0], [91922.5, 1800.0], [91920.0, 6000.0], [91907.5, 1800.0], [91905.0, 6000.0], [91900.0, 20.0], [91897.5, 1800.0], [91895.0, 6000.0], [91892.5, 18150.0]], "asks": [[91972.5, 1200.0], [91977.5, 1200.0], [91980.0, 38030.0], [91982.5, 15680.0], [91985.0, 54800.0], [91990.0, 780.0], [91992.5, 2600.0], [92000.0, 4800.0], [92002.5, 6000.0], [92005.0, 24510.0], [92007.5, 120.0], [92010.0, 62920.0], [92012.5, 3800.0], [92015.0, 6000.0], [92020.0, 40.0], [92022.5, 1800.0], [92025.0, 6000.0], [92037.5, 780.0], [92040.0, 4400.0], [92042.5, 6000.0]]}}}
{"jsonrpc": "2.0", "method": "subscription", "params": {"channel": "book.BTC-14MAR25.none.20.100ms", "data": {"timestamp": 1741242977876, "change_id": 91244910012, "instrument_name": "BTC-14MAR25", "bids": [[92122.5, 3380.0], [92120.0, 4160.0], [92117.5, 2600.0], [92115.0, 5650.0], [92112.5, 6920.0], [92110.0, 4980.0], [92107.5, 2600.0], [92105.0, 1930.0], [92102.5, 6680.0], [92095.0, 1260.0], [92092.5, 4200.0], [92090.0, 10.0], [92087.5, 3000.0], [92085.0, 20020.0], [92082.5, 33390.0], [92075.0, 2000.0], [92072.5, 2480.0], [92070.0, 4200.0], [92062.5, 3310.0], [92060.0, 11550.0]], "asks": [[92135.0, 940.0], [92137.5, 2480.0], [92140.0, 3000.0], [92142.5, 10000.0], [92145.0, 4200.0], [92147.5, 130.0], [92152.5, 1260.0], [92155.0, 4200.0], [92162.5, 8280.0], [92165.0, 28140.0], [92167.5, 760.0], [92170.0, 18740.0], [92172.5, 50000.0], [92175.0, 4200.0], [92185.0, 2310.0], [92187.5, 3510.0], [92190.0, 4200.0], [92192.5, 600.0], [92195.0, 7630.0], [92197.5, 14570.0]]}}}
{"jsonrpc": "2.0", "method": "subscription", "params": {"channel": "book.BTC-7MAR25.none.20.100ms", "data": {"timestamp": 1741242978209, "change_id": 91244910974, "instrument_name": "BTC-7MAR25", "bids": [[91975.0, 6010.0], [91972.5, 4440.0], [91970.0, 6120.0], [91967.5, 1800.0], [91965.0, 6000.0], [91962.5, 3000.0], [91960.0, 10000.0], [91957.5, 2160.0], [91955.0, 7200.0], [91950.0, 19700.0], [91945.0, 69150.0], [91942.5, 2600.0], [91937.5, 1700.0], [91935.0, 6000.0], [91932.5, 4910.0], [91930.0, 16360.0], [91922.5, 1800.0], [91920.0, 6000.0], [91907.5, 1800.0], [91905.0, 6000.0]], "asks": [[91977.5, 38150.0], [91995.0, 15000.0], [91997.5, 50000.0], [92000.0, 5600.0], [92005.0, 10780.0], [92012.5, 3800.0], [92015.0, 6000.0], [92017.5, 13840.0], [92020.0, 46130.0], [92022.5, 1920.0], [92025.0, 6000.0], [92037.5, 780.0], [92040.0, 4400.0], [92042.5, 6000.0], [92050.0, 1800.0], [92052.5, 6000.0], [92070.0, 1800.0], [92072.5, 6000.0], [92077.5, 18390.0], [92080.0, 61300.0]]}}}
{"jsonrpc": "2.0", "method": "subscription", "params": {"channel": "book.BTC-14MAR25.none.20.100ms", "data": {"timestamp": 1741242978181, "change_id": 91244910981, "instrument_name": "BTC-14MAR25", "bids": [[92130.0, 2820.0], [92127.5, 6800.0], [92125.0, 3380.0], [92122.5, 2600.0], [92120.0, 1560.0], [92117.5, 2600.0], [92115.0, 5650.0], [92112.5, 9400.0], [92110.0, 4980.0], [92107.5, 2600.0], [92105.0, 1190.0], [92102.5, 4200.0], [92100.0, 3000.0], [92097.5, 10000.0], [92095.0, 1260.0], [92092.5, 4200.0], [92090.0, 10.0], [92085.0, 10020.0], [92082.5, 33390.0], [92075.0, 2000.0]], "asks": [[92135.0, 200.0], [92140.0, 3000.0], [92142.5, 10000.0], [92145.0, 2480.0], [92147.5, 10.0], [92152.5, 1260.0], [92155.0, 4200.0], [92160.0, 120.0], [92162.5, 1260.0], [92165.0, 19950.0], [92167.5, 50020.0], [92170.0, 2480.0], [92172.5, 1260.0], [92175.0, 4200.0], [92185.0, 2310.0], [92187.5, 3510.0], [92190.0, 4200.0], [92192.5, 600.0], [92195.0, 7630.0], [92197.5, 14570.0]]}}}
{"jsonrpc": "2.0", "method": "subscription", "params": {"channel": "book.BTC-14MAR25.none.20.100ms", "data": {"timestamp": 1741242978377, "change_id": 91244911704, "instrument_name": "BTC-14MAR25", "bids": [[92130.0, 1560.0], [92127.5, 2600.0], [92125.0, 3380.0], [92122.5, 2600.0], [92120.0, 1560.0], [92117.5, 2600.0], [92115.0, 5650.0], [92112.5, 9400.0], [92110.0, 4980.0], [92107.5, 2600.0], [92105.0, 1190.0], [92102.5, 4200.0], [92100.0, 3000.0], [92097.5, 10000.0], [92095.0, 1260.0], [92092.5, 4200.0], [92090.0, 10.0], [92085.0, 1260.0], [92082.5, 4200.0], [92075.0, 2000.0]], "asks": [[92135.0, 2800.0], [92140.0, 3000.0], [92142.5, 10000.0], [92145.0, 2480.0], [92147.5, 10.0], [92152.5, 1260.0], [92155.0, 4200.0], [92160.0, 120.0], [92162.5, 1260.0], [92165.0, 19950.0], [92167.5, 50020.0], [92170.0, 2480.0], [92172.5, 8560.0], [92175.0, 29070.0], [92185.0, 2310.0], [92187.5, 3510.0], [92190.0, 4200.0], [92192.5, 600.0], [92195.0, 7630.0], [92197.5, 14570.0]]}}}
{"jsonrpc": "2.0", "method": "subscription", "params": {"channel": "book.BTC-7MAR25.none.20.100ms", "data": {"timestamp": 1741242978461, "change_id": 91244911975, "instrument_name": "BTC-7MAR25", "bids": [[91980.0, 3610.0], [91977.5, 6000.0], [91975.0, 6820.0], [91972.5, 2600.0], [91970.0, 120.0], [91967.5, 1800.0], [91965.0, 6000.0], [91962.5, 3000.0], [91960.0, 10000.0], [91957.5, 2160.0], [91955.0, 6000.0], [91952.5, 13740.0], [91950.0, 62970.0], [91945.0, 6780.0], [91942.5, 2600.0], [91937.5, 1700.0], [91935.0, 6000.0], [91932.5, 4910.0], [91930.0, 16360.0], [91922.5, 1800.0]], "asks": [[91987.5, 1200.0], [91990.0, 12650.0], [91992.5, 38150.0], [91995.0, 15000.0], [91997.5, 50000.0], [92000.0, 5600.0], [92005.0, 10780.0], [92012.5, 3800.0], [92015.0, 6000.0], [92017.5, 30650.0], [92020.0, 46130.0], [92022.5, 1920.0], [92025.0, 6000.0], [92037.5, 780.0], [92040.0, 4400.0], [92042.5, 6000.0], [92050.0, 1800.0], [92052.5, 6000.0], [92070.0, 1800.0], [92072.5, 6000.0]]}}}
{"jsonrpc": "2.0", "method": "subscription", "params": {"channel": "book.BTC-7MAR25.none.20.100ms", "data": {"timestamp": 1741242978862, "change_id": 91244912498, "instrument_name": "BTC-7MAR25", "bids": [[91980.0, 3730.0], [91977.5, 6000.0], [91975.0, 6820.0], [91972.5, 2600.0], [91967.5, 1800.0], [91965.0, 6000.0], [91962.5, 3000.0], [91960.0, 10000.0], [91957.5, 2160.0], [91955.0, 6000.0], [91952.5, 13740.0], [91950.0, 62970.0], [91945.0, 6780.0], [91942.5, 2600.0], [91937.5, 1700.0], [91935.0, 6000.0], [91932.5, 4910.0], [91930.0, 16360.0], [91922.5, 1800.0], [91920.0, 6000.0]], "asks": [[91987.5, 1200.0], [91990.0, 12650.0], [91992.5, 38150.0], [91995.0, 15000.0], [91997.5, 50000.0], [92000.0, 5600.0], [92005.0, 10780.0], [92012.5, 3800.0], [92015.0, 6000.0], [92017.5, 30650.0], [92020.0, 46130.0], [92022.5, 1920.0], [92025.0, 6000.0], [92037.5, 780.0], [92040.0, 4400.0], [92042.5, 6000.0], [92050.0, 1800.0], [92052.5, 6000.0], [92070.0, 1800.0], [92072.5, 6000.0]]}}}
{"jsonrpc": "2.0", "method": "subscription", "params": {"channel": "book.BTC-14MAR25.none.20.100ms", "data": {"timestamp": 1741242978813, "change_id": 91244912403, "instrument_name": "BTC-14MAR25", "bids": [[92130.0, 1560.0], [92127.5, 2600.0], [92125.0, 3380.0], [92122.5, 2600.0], [92120.0, 1560.0], [92117.5, 2600.0], [92115.0, 5650.0], [92112.5, 9400.0], [92110.0, 4980.0], [92107.5, 2600.0], [92105.0, 10960.0], [92102.5, 37030.0], [92100.0, 3000.0], [92097.5, 10000.0], [92095.0, 1260.0], [92092.5, 4200.0], [92090.0, 10.0], [92085.0, 1260.0], [92082.5, 4200.0], [92075.0, 2000.0]], "asks": [[92135.0, 2800.0], [92140.0, 3000.0], [92142.5, 10000.0], [92145.0, 2480.0], [92147.5, 10.0], [92152.5, 1260.0], [92155.0, 4200.0], [92160.0, 120.0], [92162.5, 1260.0], [92165.0, 19950.0], [92167.5, 50020.0], [92170.0, 2480.0], [92172.5, 8560.0], [92175.0, 29070.0], [92185.0, 2310.0], [92187.5, 3510.0], [92190.0, 4200.0], [92192.5, 600.0], [92195.0, 7630.0], [92197.5, 14570.0]]}}}
{"jsonrpc": "2.0", "method": "subscription", "params": {"channel": "book.BTC-7MAR25.none.20.100ms", "data": {"timestamp": 1741242979202, "change_id": 91244912920, "instrument_name": "BTC-7MAR25", "bids": [[91980.0, 3730.0], [91977.5, 6000.0], [91975.0, 6820.0], [91972.5, 2600.0], [91967.5, 1800.0], [91965.0, 6000.0], [91962.5, 3000.0], [91960.0, 10000.0], [91957.5, 2160.0], [91955.0, 6000.0], [91950.0, 15320.0], [91947.5, 61170.0], [91945.0, 6780.0], [91942.5, 2600.0], [91937.5, 1700.0], [91935.0, 6000.0], [91932.5, 4910.0], [91930.0, 16360.0], [91922.5, 1800.0], [91920.0, 6000.0]], "asks": [[91987.5, 1210.0], [91990.0, 12650.0], [91992.5, 38150.0], [91995.0, 15000.0], [91997.5, 50000.0], [92000.0, 5600.0], [92005.0, 10780.0], [92012.5, 3800.0], [92015.0, 6000.0], [92017.5, 30650.0], [92020.0, 46130.0], [92022.5, 1920.0], [92025.0, 6000.0], [92037.5, 780.0], [92040.0, 4400.0], [92042.5, 6000.0], [92050.0, 1800.0], [92052.5, 6000.0], [92070.0, 1800.0], [92072.5, 6000.0]]}}}
{"jsonrpc": "2.0", "method": "subscription", "params": {"channel": "book.BTC-14MAR25.none.20.100ms", "data": {"timestamp": 1741242979311, "change_id": 91244913117, "instrument_name": "BTC-14MAR25", "bids": [[92130.0, 3380.0], [92127.5, 2600.0], [92125.0, 780.0], [92122.5, 2600.0], [92120.0, 1560.0], [92117.5, 2600.0], [92115.0, 5650.0], [92112.5, 9400.0], [92110.0, 4980.0], [92107.5, 2600.0], [92105.0, 10960.0], [92102.5, 37030.0], [92100.0, 3000.0], [92097.5, 10000.0], [92095.0, 1260.0], [92092.5, 4200.0], [92090.0, 10.0], [92085.0, 1260.0], [92082.5, 4200.0], [92075.0, 2000.0]], "asks": [[92135.0, 2800.0], [92140.0, 3000.0], [92142.5, 10000.0], [92145.0, 2480.0], [92147.5, 10.0], [92152.5, 1260.0], [92155.0, 4200.0], [92160.0, 120.0], [92162.5, 1260.0], [92165.0, 19950.0], [92167.5, 50020.0], [92170.0, 2480.0], [92172.5, 8560.0], [92175.0, 29070.0], [92185.0, 2310.0], [92187.5, 3510.0], [92190.0, 4200.0], [92192.5, 600.0], [92195.0, 7630.0], [92197.5, 14570.0]]}}}
{"jsonrpc": "2.0", "method": "subscription", "params": {"channel": "book.BTC-7MAR25.none.20.100ms", "data": {"timestamp": 1741242979486, "change_id": 91244913368, "instrument_name": "BTC-7MAR25", "bids": [[91980.0, 3730.0], [91977.5, 6000.0], [91975.0, 6820.0], [91972.5, 2600.0], [91967.5, 1800.0], [91965.0, 6000.0], [91962.5, 3000.0], [91960.0, 10000.0], [91957.5, 2160.0], [91955.0, 6000.0], [91950.0, 15320.0], [91947.5, 61170.0], [91945.0, 6780.0], [91942.5, 2600.0], [91937.5, 1700.0], [91935.0, 6000.0], [91932.5, 4910.0], [91930.0, 16360.0], [91922.5, 1800.0], [91920.0, 6000.0]], "asks": [[91987.5, 1210.0], [91990.0, 12650.0], [91992.5, 38150.0], [91995.0, 15000.0], [91997.5, 50000.0], [92000.0, 5600.0], [92005.0, 10780.0], [92012.5, 3800.0], [92015.0, 6000.0], [92017.5, 30650.0], [92020.0, 46130.0], [92022.5, 1920.0], [92025.0, 6000.0], [92037.5, 780.0], [92040.0, 4400.0], [92042.5, 6000.0], [92050.0, 1800.0], [92052.5, 6000.0], [92070.0, 1800.0], [92072.5, 6000.0]]}}}
{"jsonrpc": "2.0", "method": "subscription", "params": {"channel": "book.BTC-7MAR25.none.20.100ms", "data": {"timestamp": 1741242979869, "change_id": 91244913722, "instrument_name": "BTC-7MAR25", "bids": [[91980.0, 3730.0], [91977.5, 6000.0], [91975.0, 6820.0], [91972.5, 2600.0], [91967.5, 1800.0], [91965.0, 6000.0], [91962.5, 3000.0], [91960.0, 10000.0], [91957.5, 2160.0], [91955.0, 6000.0], [91950.0, 15320.0], [91947.5, 61170.0], [91945.0, 6780.0], [91942.5, 2600.0], [91937.5, 1700.0], [91935.0, 6000.0], [91932.5, 4910.0], [91930.0, 16360.0], [91922.5, 1800.0], [91920.0, 6000.0]], "asks": [[91987.5, 1200.0], [91990.0, 12650.0], [91992.5, 38150.0], [91995.0, 15000.0], [91997.5, 50000.0], [92000.0, 5600.0], [92005.0, 10780.0], [92010.0, 27240.0], [92012.5, 84810.0], [92015.0, 6000.0], [92017.5, 30650.0], [92020.0, 46130.0], [92022.5, 1920.0], [92025.0, 6000.0], [92037.5, 780.0], [92040.0, 4400.0], [92042.5, 6000.0], [92050.0, 1800.0], [92052.5, 6000.0], [92070.0, 1800.0]]}}}
{"jsonrpc": "2.0", "method": "subscription", "params": {"channel": "book.BTC-14MAR25.none.20.100ms", "data": {"timestamp": 1741242979630, "change_id": 91244913596, "instrument_name": "BTC-14MAR25", "bids": [[92130.0, 3380.0], [92127.5, 2600.0], [92125.0, 780.0], [92122.5, 2600.0], [92120.0, 1560.0], [92117.5, 2600.0], [92115.0, 5650.0], [92112.5, 9400.0], [92110.0, 4980.0], [92107.5, 2600.0], [92105.0, 1260.0], [92102.5, 4200.0], [92100.0, 3000.0], [92097.5, 10000.0], [92095.0, 1260.0], [92092.5, 4200.0], [92090.0, 10.0], [92085.0, 1260.0], [92082.5, 4200.0], [92075.0, 2000.0]], "asks": [[92135.0, 2800.0], [92140.0, 3000.0], [92142.5, 10000.0], [92145.0, 2480.0], [92147.5, 10.0], [92152.5, 1260.0], [92155.0, 4200.0], [92160.0, 120.0], [92162.5, 1260.0], [92165.0, 19950.0], [92167.5, 50020.0], [92170.0, 2480.0], [92172.5, 8560.0], [92175.0, 29070.0], [92185.0, 2310.0], [92187.5, 3510.0], [92190.0, 4200.0], [92192.5, 600.0], [92195.0, 7630.0], [92197.5, 14570.0]]}}}
{"jsonrpc": "2.0", "method": "subscription", "params": {"channel": "book.BTC-14MAR25.none.20.100ms", "data": {"timestamp": 1741242980055, "change_id": 91244914177, "instrument_name": "BTC-14MAR25", "bids": [[92130.0, 3380.0], [92127.5, 2600.0], [92125.0, 780.0], [92122.5, 2600.0], [92120.0, 1560.0], [92117.5, 2600.0], [92115.0, 5650.0], [92112.5, 9400.0], [92110.0, 10300.0], [92107.5, 20670.0], [92105.0, 1260.0], [92102.5, 4200.0], [92100.0, 3000.0], [92097.5, 10000.0], [92095.0, 1260.0], [92092.5, 4200.0], [92090.0, 10.0], [92085.0, 1260.0], [92082.5, 4200.0], [92075.0, 2000.0]], "asks": [[92135.0, 2800.0], [92140.0, 3000.0], [92142.5, 10000.0], [92145.0, 2480.0], [92147.5, 10.0], [92152.5, 1260.0], [92155.0, 4200.0], [92160.0, 120.0], [92162.5, 1260.0], [92165.0, 19950.0], [92167.5, 50020.0], [92170.0, 2480.0], [92172.5, 8560.0], [92175.0, 29070.0], [92185.0, 2310.0], [92187.5, 3510.0], [92190.0, 4200.0], [92192.5, 600.0], [92195.0, 7630.0], [92197.5, 14570.0]]}}}
{"jsonrpc": "2.0", "method": "subscription", "params": {"channel": "book.BTC-7MAR25.none.20.100ms", "data": {"timestamp": 1741242980158, "change_id": 91244914218, "instrument_name": "BTC-7MAR25", "bids": [[91985.0, 10.0], [91980.0, 1920.0], [91975.0, 6820.0], [91972.5, 2600.0], [91967.5, 1800.0], [91965.0, 6000.0], [91962.5, 3000.0], [91960.0, 10000.0], [91957.5, 2160.0], [91955.0, 6000.0], [91950.0, 62970.0], [91945.0, 6780.0], [91942.5, 2600.0], [91937.5, 1700.0], [91935.0, 6000.0], [91932.5, 4910.0], [91930.0, 16360.0], [91922.5, 1800.0], [91920.0, 6000.0], [91907.5, 1800.0]], "asks": [[91987.5, 1200.0], [91990.0, 12650.0], [91992.5, 38150.0], [91995.0, 15000.0], [91997.5, 50000.0], [92000.0, 5600.0], [92005.0, 10780.0], [92010.0, 27240.0], [92012.5, 84810.0], [92015.0, 6000.0], [92017.5, 30650.0], [92020.0, 46130.0], [92022.5, 1920.0], [92025.0, 6000.0], [92037.5, 780.0], [92040.0, 4400.0], [92042.5, 6000.0], [92050.0, 1800.0], [92052.5, 6000.0], [92070.0, 1800.0]]}}}
{"jsonrpc": "2.0", "method": "subscription", "params": {"channel": "book.BTC-14MAR25.none.20.100ms", "data": {"timestamp": 1741242980504, "change_id": 91244914645, "instrument_name": "BTC-14MAR25", "bids": [[92130.0, 780.0], [92127.5, 2600.0], [92125.0, 780.0], [92122.5, 2600.0], [92120.0, 1560.0], [92117.5, 2600.0], [92115.0, 5650.0], [92112.5, 9400.0], [92110.0, 4980.0], [92107.5, 2600.0], [92105.0, 1260.0], [92102.5, 4200.0], [92100.0, 3000.0], [92097.5, 10000.0], [92095.0, 1260.0], [92092.5, 4200.0], [92090.0, 10.0], [92085.0, 1260.0], [92082.5, 4200.0], [92075.0, 2000.0]], "asks": [[92135.0, 2800.0], [92140.0, 3000.0], [92142.5, 10000.0], [92145.0, 2480.0], [92147.5, 10.0], [92152.5, 1260.0], [92155.0, 4200.0], [92160.0, 120.0], [92162.5, 1260.0], [92165.0, 19950.0], [92167.5, 50020.0], [92170.0, 2480.0], [92172.5, 8560.0], [92175.0, 29070.0], [92185.0, 2310.0], [92187.5, 3510.0], [92190.0, 4200.0], [92192.5, 600.0], [92195.0, 7630.0], [92197.5, 14570.0]]}}}
{"jsonrpc": "2.0", "method": "subscription", "params": {"channel": "book.BTC-7MAR25.none.20.100ms", "data": {"timestamp": 1741242980382, "change_id": 91244914532, "instrument_name": "BTC-7MAR25", "bids": [[91980.0, 1920.0], [91977.5, 1200.0], [91975.0, 6820.0], [91972.5, 2600.0], [91962.5, 3000.0], [91960.0, 10000.0], [91957.5, 2160.0], [91955.0, 6000.0], [91950.0, 62970.0], [91945.0, 6780.0], [91942.5, 2600.0], [91937.5, 1700.0], [91935.0, 6000.0], [91932.5, 4910.0], [91930.0, 16360.0], [91922.5, 1800.0], [91920.0, 6000.0], [91907.5, 1800.0], [91905.0, 6000.0], [91900.0, 20.0]], "asks": [[91987.5, 1210.0], [91990.0, 12650.0], [91992.5, 38150.0], [91995.0, 15000.0], [91997.5, 50000.0], [92000.0, 5600.0], [92005.0, 10780.0], [92010.0, 27240.0], [92012.5, 84810.0], [92015.0, 6000.0], [92017.5, 30650.0], [92020.0, 46130.0], [92022.5, 1920.0], [92025.0, 6000.0], [92037.5, 780.0], [92040.0, 4400.0], [92042.5, 6000.0], [92050.0, 1800.0], [92052.5, 6000.0], [92070.0, 1800.0]]}}}
{"jsonrpc": "2.0", "method": "subscription", "params": {"channel": "book.BTC-7MAR25.none.20.100ms", "data": {"timestamp": 1741242980832, "change_id": 91244915028, "instrument_name": "BTC-7MAR25", "bids": [[91980.0, 120.0], [91975.0, 820.0], [91972.5, 2600.0], [91962.5, 3000.0], [91960.0, 10000.0], [91957.5, 2160.0], [91955.0, 6000.0], [91950.0, 62970.0], [91945.0, 6780.0], [91942.5, 2600.0], [91937.5, 1700.0], [91935.0, 6000.0], [91932.5, 4910.0], [91930.0, 16360.0], [91922.5, 1800.0], [91920.0, 6000.0], [91907.5, 1800.0], [91905.0, 6000.0], [91900.0, 20.0], [91897.5, 19730.0]], "asks": [[91987.5, 1210.0], [91990.0, 12650.0], [91992.5, 38150.0], [91995.0, 15000.0], [91997.5, 50000.0], [92000.0, 5600.0], [92005.0, 10780.0], [92010.0, 27240.0], [92012.5, 84810.0], [92015.0, 6000.0], [92017.5, 13840.0], [92020.0, 46130.0], [92022.5, 1920.0], [92025.0, 6000.0], [92032.5, 5000.0], [92035.0, 16660.0], [92037.5, 780.0], [92040.0, 4400.0], [92042.5, 6000.0], [92050.0, 1800.0]]}}}
{"jsonrpc": "2.0", "method": "subscription", "params": {"channel": "book.BTC-14MAR25.none.20.100ms", "data": {"timestamp": 1741242980745, "change_id": 91244914924, "instrument_name": "BTC-14MAR25", "bids": [[92130.0, 780.0], [92127.5, 2600.0], [92125.0, 780.0], [92122.5, 2600.0], [92120.0, 1560.0], [92117.5, 2600.0], [92115.0, 5650.0], [92112.5, 9400.0], [92110.0, 4980.0], [92107.5, 2600.0], [92105.0, 1260.0], [92102.5, 4200.0], [92100.0, 3000.0], [92097.5, 10000.0], [92095.0, 1260.0], [92092.5, 4200.0], [92090.0, 10.0], [92085.0, 1260.0], [92082.5, 4200.0], [92075.0, 2000.0]], "asks": [[92135.0, 2800.0], [92140.0, 3000.0], [92142.5, 10000.0], [92145.0, 2480.0], [92147.5, 10.0], [92152.5, 1260.0], [92155.0, 4200.0], [92160.0, 120.0], [92162.5, 1260.0], [92165.0, 19950.0], [92167.5, 50020.0], [92170.0, 2480.0], [92172.5, 1260.0], [92175.0, 4200.0], [92185.0, 9520.0], [92187.5, 28490.0], [92190.0, 4200.0], [92192.5, 600.0], [92195.0, 7630.0], [92197.5, 14570.0]]}}}
{"jsonrpc": "2.0", "method": "subscription", "params": {"channel": "book.BTC-14MAR25.none.20.100ms", "data": {"timestamp": 1741242980932, "change_id": 91244915290, "instrument_name": "BTC-14MAR25", "bids": [[92130.0, 780.0], [92127.5, 2600.0], [92125.0, 780.0], [92122.5, 2600.0], [92120.0, 1560.0], [92117.5, 2600.0], [92115.0, 5650.0], [92112.5, 9400.0], [92110.0, 4980.0], [92107.5, 2600.0], [92105.0, 1260.0], [92102.5, 37430.0], [92100.0, 3000.0], [92097.5, 10000.0], [92095.0, 1260.0], [92092.5, 4200.0], [92090.0, 10.0], [92085.0, 1260.0], [92082.5, 4200.0], [92075.0, 2000.0]], "asks": [[92135.0, 2800.0], [92140.0, 3000.0], [92142.5, 10000.0], [92145.0, 2480.0], [92147.5, 10.0], [92152.5, 1260.0], [92155.0, 4200.0], [92160.0, 120.0], [92162.5, 1260.0], [92165.0, 19950.0], [92167.5, 50020.0], [92170.0, 2480.0], [92172.5, 1260.0], [92175.0, 4200.0], [92185.0, 9520.0], [92187.5, 28490.0], [92190.0, 4200.0], [92192.5, 600.0], [92195.0, 7630.0], [92197.5, 14570.0]]}}}
{"jsonrpc": "2.0", "method": "subscription", "params": {"channel": "book.BTC-7MAR25.none.20.100ms", "data": {"timestamp": 1741242981139, "change_id": 91244915426, "instrument_name": "BTC-7MAR25", "bids": [[91980.0, 120.0], [91975.0, 820.0], [91972.5, 2600.0], [91962.5, 3000.0], [91960.0, 10000.0], [91957.5, 2160.0], [91955.0, 6000.0], [91950.0, 1800.0], [91947.5, 61170.0], [91945.0, 6780.0], [91942.5, 2600.0], [91937.5, 1700.0], [91935.0, 6000.0], [91932.5, 4910.0], [91930.0, 16360.0], [91922.5, 1800.0], [91920.0, 6000.0], [91907.5, 1800.0], [91905.0, 6000.0], [91900.0, 20.0]], "asks": [[91982.5, 1210.0], [91987.5, 1200.0], [91990.0, 12650.0], [91992.5, 38150.0], [91995.0, 15000.0], [91997.5, 50000.0], [92000.0, 5600.0], [92005.0, 10780.0], [92010.0, 27240.0], [92012.5, 84810.0], [92015.0, 6000.0], [92017.5, 13840.0], [92020.0, 46130.0], [92022.5, 1920.0], [92025.0, 6000.0], [92032.5, 5000.0], [92035.0, 16660.0], [92037.5, 780.0], [92040.0, 4400.0], [92042.5, 6000.0]]}}}
{"jsonrpc": "2.0", "method": "subscription", "params": {"channel": "book.BTC-14MAR25.none.20.100ms", "data": {"timestamp": 1741242981532, "change_id": 91244916018, "instrument_name": "BTC-14MAR25", "bids": [[92130.0, 3380.0], [92127.5, 2600.0], [92125.0, 780.0], [92122.5, 2720.0], [92120.0, 1560.0], [92117.5, 2600.0], [92115.0, 5650.0], [92112.5, 9280.0], [92110.0, 4980.0], [92107.5, 2600.0], [92105.0, 1260.0], [92102.5, 37430.0], [92100.0, 3000.0], [92097.5, 10000.0], [92095.0, 1260.0], [92092.5, 4200.0], [92090.0, 10.0], [92085.0, 1260.0], [92082.5, 4200.0], [92075.0, 2000.0]], "asks": [[92135.0, 200.0], [92140.0, 3000.0], [92142.5, 10000.0], [92147.5, 10.0], [92152.5, 1260.0], [92155.0, 4200.0], [92160.0, 120.0], [92162.5, 1260.0], [92165.0, 19950.0], [92167.5, 50020.0], [92170.0, 2480.0], [92172.5, 1260.0], [92175.0, 4200.0], [92185.0, 2310.0], [92187.5, 3510.0], [92190.0, 4200.0], [92192.5, 600.0], [92195.0, 7630.0], [92197.5, 14570.0], [92200.0, 12190.0]]}}}
{"jsonrpc": "2.0", "method": "subscription", "params": {"channel": "book.BTC-7MAR25.none.20.100ms", "data": {"timestamp": 1741242981472, "change_id": 91244915976, "instrument_name": "BTC-7MAR25", "bids": [[91985.0, 10.0], [91982.5, 1840.0], [91980.0, 6120.0], [91975.0, 2020.0], [91972.5, 2600.0], [91967.5, 1800.0], [91965.0, 6000.0], [91962.5, 3000.0], [91960.0, 10000.0], [91957.5, 2160.0], [91955.0, 6000.0], [91950.0, 19930.0], [91947.5, 61170.0], [91945.0, 6780.0], [91942.5, 2600.0], [91937.5, 1700.0], [91935.0, 6000.0], [91932.5, 4910.0], [91930.0, 16360.0], [91922.5, 1800.0]], "asks": [[91987.5, 1200.0], [91990.0, 1200.0], [91992.5, 38150.0], [91995.0, 15000.0], [91997.5, 50000.0], [92000.0, 3000.0], [92005.0, 10780.0], [92010.0, 27240.0], [92012.5, 84810.0], [92015.0, 6000.0], [92017.5, 13840.0], [92020.0, 46130.0], [92022.5, 1920.0], [92025.0, 6000.0], [92037.5, 780.0], [92040.0, 4400.0], [92042.5, 6000.0], [92050.0, 1800.0], [92052.5, 6000.0], [92070.0, 1800.0]]}}}
{"jsonrpc": "2.0", "method": "subscription", "params": {"channel": "book.BTC-14MAR25.none.20.100ms", "data": {"timestamp": 1741242981789, "change_id": 91244916373, "instrument_name": "BTC-14MAR25", "bids": [[92127.5, 2600.0], [92125.0, 780.0], [92122.5, 2720.0], [92120.0, 1560.0], [92117.5, 2600.0], [92115.0, 5650.0], [92112.5, 9280.0], [92110.0, 4980.0], [92107.5, 2600.0], [92105.0, 1260.0], [92102.5, 4200.0], [92100.0, 3000.0], [92097.5, 10000.0], [92095.0, 1260.0], [92092.5, 4200.0], [92090.0, 10.0], [92085.0, 1260.0], [92082.5, 4200.0], [92075.0, 2000.0], [92072.5, 2480.0]], "asks": [[92135.0, 200.0], [92140.0, 740.0], [92145.0, 2480.0], [92147.5, 10.0], [92152.5, 4100.0], [92155.0, 14200.0], [92160.0, 120.0], [92162.5, 1260.0], [92165.0, 19950.0], [92167.5, 50020.0], [92170.0, 2480.0], [92172.5, 1260.0], [92175.0, 28630.0], [92185.0, 2310.0], [92187.5, 3510.0], [92190.0, 4200.0], [92192.5, 600.0], [92195.0, 7630.0], [92197.5, 14570.0], [92200.0, 12190.0]]}}}
{"jsonrpc": "2.0", "method": "subscription", "params": {"channel": "book.BTC-7MAR25.none.20.100ms", "data": {"timestamp": 1741242981818, "change_id": 91244916384, "instrument_name": "BTC-7MAR25", "bids": [[91980.0, 120.0], [91975.0, 820.0], [91972.5, 2600.0], [91962.5, 3000.0], [91960.0, 10000.0], [91957.5, 2160.0], [91955.0, 6000.0], [91950.0, 62970.0], [91945.0, 6780.0], [91942.5, 2600.0], [91937.5, 1700.0], [91935.0, 6000.0], [91932.5, 4910.0], [91930.0, 16360.0], [91922.5, 1800.0], [91920.0, 6000.0], [91907.5, 1800.0], [91905.0, 6000.0], [91900.0, 20.0], [91897.5, 19730.0]], "asks": [[91982.5, 1210.0], [91987.5, 1200.0], [91990.0, 12650.0], [91992.5, 38150.0], [91995.0, 15000.0], [91997.5, 50000.0], [92000.0, 2600.0], [92010.0, 27240.0], [92012.5, 84810.0], [92015.0, 6000.0], [92017.5, 23840.0], [92020.0, 62810.0], [92022.5, 1920.0], [92025.0, 6000.0], [92037.5, 780.0], [92040.0, 4400.0], [92042.5, 6000.0], [92050.0, 1800.0], [92052.5, 6000.0], [92070.0, 1800.0]]}}}
{"jsonrpc": "2.0", "method": "subscription", "params": {"channel": "book.BTC-14MAR25.none.20.100ms", "data": {"timestamp": 1741242982183, "change_id": 91244916878, "instrument_name": "BTC-14MAR25", "bids": [[92130.0, 780.0], [92127.5, 2600.0], [92125.0, 780.0], [92122.5, 2720.0], [92120.0, 1560.0], [92117.5, 2600.0], [92115.0, 5650.0], [92112.5, 9280.0], [92110.0, 4980.0], [92107.5, 19930.0], [92105.0, 1260.0], [92102.5, 4200.0], [92100.0, 3000.0], [92097.5, 10000.0], [92095.0, 1260.0], [92092.5, 4200.0], [92090.0, 10.0], [92085.0, 1260.0], [92082.5, 4200.0], [92075.0, 2000.0]], "asks": [[92135.0, 200.0], [92140.0, 740.0], [92145.0, 2480.0], [92147.5, 10.0], [92152.5, 4100.0], [92155.0, 14200.0], [92160.0, 120.0], [92162.5, 1260.0], [92165.0, 19950.0], [92167.5, 50020.0], [92170.0, 2480.0], [92172.5, 1260.0], [92175.0, 28630.0], [92185.0, 2310.0], [92187.5, 3510.0], [92190.0, 4200.0], [92192.5, 600.0], [92195.0, 7630.0], [92197.5, 14570.0], [92200.0, 12190.0]]}}}
{"jsonrpc": "2.0", "method": "subscription", "params": {"channel": "book.BTC-7MAR25.none.20.100ms", "data": {"timestamp": 1741242982108, "change_id": 91244916831, "instrument_name": "BTC-7MAR25", "bids": [[91980.0, 130.0], [91975.0, 820.0], [91972.5, 2600.0], [91962.5, 3000.0], [91960.0, 10000.0], [91957.5, 2160.0], [91955.0, 6000.0], [91950.0, 62970.0], [91945.0, 6780.0], [91942.5, 2600.0], [91937.5, 1700.0], [91935.0, 6000.0], [91932.5, 4910.0], [91930.0, 16360.0], [91922.5, 1800.0], [91920.0, 6000.0], [91907.5, 1800.0], [91905.0, 6000.0], [91900.0, 20.0], [91897.5, 19730.0]], "asks": [[91982.5, 1200.0], [91987.5, 1200.0], [91990.0, 12650.0], [91992.5, 38150.0], [91995.0, 15000.0], [91997.5, 50000.0], [92000.0, 2600.0], [92010.0, 27240.0], [92012.5, 84810.0], [92015.0, 6000.0], [92017.5, 23840.0], [92020.0, 62810.0], [92022.5, 1920.0], [92025.0, 6000.0], [92037.5, 780.0], [92040.0, 4400.0], [92042.5, 6000.0], [92050.0, 1800.0], [92052.5, 6000.0], [92070.0, 1800.0]]}}}
{"jsonrpc": "2.0", "method": "subscription", "params": {"channel": "book.BTC-7MAR25.none.20.100ms", "data": {"timestamp": 1741242982492, "change_id": 91244917324, "instrument_name": "BTC-7MAR25", "bids": [[91980.0, 120.0], [91975.0, 820.0], [91972.5, 2600.0], [91965.0, 1200.0], [91962.5, 3000.0], [91960.0, 10000.0], [91957.5, 2160.0], [91955.0, 6000.0], [91952.5, 18350.0], [91950.0, 62970.0], [91945.0, 6780.0], [91942.5, 2600.0], [91937.5, 1700.0], [91935.0, 6000.0], [91932.5, 4910.0], [91930.0, 16360.0], [91922.5, 1800.0], [91920.0, 6000.0], [91907.5, 1800.0], [91905.0, 6000.0]], "asks": [[91982.5, 1210.0], [91987.5, 1200.0], [91990.0, 12650.0], [91992.5, 38150.0], [91995.0, 15000.0], [91997.5, 50000.0], [92000.0, 4400.0], [92002.5, 6000.0], [92010.0, 27240.0], [92012.5, 84810.0], [92015.0, 6000.0], [92017.5, 23840.0], [92020.0, 62810.0], [92022.5, 1920.0], [92025.0, 6000.0], [92037.5, 780.0], [92040.0, 4400.0], [92042.5, 6000.0], [92050.0, 1800.0], [92052.5, 6000.0]]}}}
{"jsonrpc": "2.0", "method": "subscription", "params": {"channel": "book.BTC-14MAR25.none.20.100ms", "data": {"timestamp": 1741242982501, "change_id": 91244917346, "instrument_name": "BTC-14MAR25", "bids": [[92125.0, 780.0], [92122.5, 2720.0], [92120.0, 1560.0], [92117.5, 2600.0], [92115.0, 5650.0], [92112.5, 5080.0], [92110.0, 10080.0], [92107.5, 19930.0], [92105.0, 1260.0], [92102.5, 4200.0], [92100.0, 3000.0], [92097.5, 10000.0], [92095.0, 1260.0], [92092.5, 4200.0], [92090.0, 10.0], [92085.0, 1260.0], [92082.5, 4200.0], [92075.0, 2000.0], [92072.5, 2480.0], [92070.0, 4200.0]], "asks": [[92132.5, 2600.0], [92135.0, 2800.0], [92140.0, 740.0], [92145.0, 2480.0], [92147.5, 10.0], [92152.5, 4100.0], [92155.0, 14200.0], [92160.0, 120.0], [92162.5, 1260.0], [92165.0, 19950.0], [92167.5, 50020.0], [92170.0, 2480.0], [92172.5, 1260.0], [92175.0, 28630.0], [92185.0, 2310.0], [92187.5, 3510.0], [92190.0, 4200.0], [92192.5, 600.0], [92195.0, 7630.0], [92197.5, 14570.0]]}}}
{"jsonrpc": "2.0", "method": "subscription", "params": {"channel": "book.BTC-7MAR25.none.20.100ms", "data": {"timestamp": 1741242982807, "change_id": 91244917792, "instrument_name": "BTC-7MAR25", "bids": [[91980.0, 120.0], [91972.5, 2600.0], [91962.5, 3000.0], [91960.0, 10000.0], [91957.5, 2160.0], [91955.0, 6000.0], [91952.5, 18350.0], [91950.0, 62970.0], [91945.0, 6780.0], [91942.5, 2600.0], [91937.5, 1700.0], [91935.0, 6000.0], [91932.5, 4910.0], [91930.0, 16360.0], [91922.5, 1800.0], [91920.0, 6000.0], [91907.5, 1800.0], [91905.0, 6000.0], [91900.0, 20.0], [91897.5, 19730.0]], "asks": [[91982.5, 1210.0], [91985.0, 720.0], [91987.5, 1200.0], [91990.0, 12650.0], [91992.5, 38150.0], [91995.0, 15000.0], [91997.5, 50000.0], [92000.0, 4400.0], [92002.5, 6000.0], [92005.0, 3000.0], [92007.5, 10000.0], [92010.0, 27240.0], [92012.5, 84810.0], [92015.0, 6000.0], [92017.5, 13840.0], [92020.0, 62810.0], [92022.5, 1920.0], [92025.0, 6000.0], [92037.5, 780.0], [92040.0, 4400.0]]}}}
{"jsonrpc": "2.0", "method": "subscription", "params": {"channel": "book.BTC-14MAR25.none.20.100ms", "data": {"timestamp": 1741242982631, "change_id": 91244917822, "instrument_name": "BTC-14MAR25", "bids": [[92122.5, 120.0], [92120.0, 780.0], [92115.0, 5650.0], [92112.5, 5080.0], [92110.0, 10080.0], [92107.5, 19930.0], [92105.0, 1260.0], [92102.5, 4200.0], [92100.0, 3000.0], [92097.5, 10000.0], [92095.0, 1260.0], [92092.5, 4200.0], [92090.0, 10.0], [92085.0, 1260.0], [92082.5, 4200.0], [92075.0, 2000.0], [92072.5, 2480.0], [92070.0, 4200.0], [92062.5, 3310.0], [92060.0, 11550.0]], "asks": [[92130.0, 4220.0], [92132.5, 2600.0], [92135.0, 2800.0], [92137.5, 1260.0], [92140.0, 7850.0], [92145.0, 12480.0], [92147.5, 10.0], [92152.5, 1260.0], [92155.0, 4200.0], [92160.0, 120.0], [92162.5, 1260.0], [92165.0, 19950.0], [92167.5, 50020.0], [92170.0, 2480.0], [92172.5, 8430.0], [92175.0, 28630.0], [92185.0, 2310.0], [92187.5, 3510.0], [92190.0, 4200.0], [92192.5, 600.0]]}}}
{"jsonrpc": "2.0", "method": "subscription", "params": {"channel": "book.BTC-14MAR25.none.20.100ms", "data": {"timestamp": 1741242983181, "change_id": 91244918477, "instrument_name": "BTC-14MAR25", "bids": [[92120.0, 4160.0], [92117.5, 2600.0], [92115.0, 5650.0], [92112.5, 5080.0], [92110.0, 10200.0], [92107.5, 19930.0], [92105.0, 1260.0], [92102.5, 4200.0], [92100.0, 3000.0], [92097.5, 10000.0], [92095.0, 1260.0], [92092.5, 4200.0], [92090.0, 10.0], [92085.0, 1260.0], [92082.5, 4200.0], [92075.0, 2000.0], [92072.5, 2480.0], [92070.0, 4200.0], [92062.5, 3310.0], [92060.0, 11550.0]], "asks": [[92125.0, 4160.0], [92127.5, 2600.0], [92130.0, 2600.0], [92135.0, 200.0], [92140.0, 3650.0], [92145.0, 12480.0], [92147.5, 10.0], [92152.5, 1260.0], [92155.0, 4200.0], [92160.0, 120.0], [92162.5, 1260.0], [92165.0, 19950.0], [92167.5, 50020.0], [92170.0, 2480.0], [92172.5, 8430.0], [92175.0, 28630.0], [92185.0, 2310.0], [92187.5, 3510.0], [92190.0, 4200.0], [92192.5, 600.0]]}}}
{"jsonrpc": "2.0", "method": "subscription", "params": {"channel": "book.BTC-7MAR25.none.20.100ms", "data": {"timestamp": 1741242983034, "change_id": 91244918310, "instrument_name": "BTC-7MAR25", "bids": [[91980.0, 120.0], [91972.5, 2600.0], [91962.5, 3000.0], [91960.0, 10000.0], [91957.5, 2160.0], [91955.0, 6000.0], [91950.0, 1800.0], [91947.5, 61170.0], [91945.0, 6780.0], [91942.5, 2600.0], [91937.5, 1700.0], [91935.0, 6000.0], [91922.5, 1800.0], [91920.0, 6000.0], [91907.5, 1800.0], [91905.0, 6000.0], [91900.0, 20.0], [91897.5, 19730.0], [91895.0, 82580.0], [91882.5, 1800.0]], "asks": [[91982.5, 1210.0], [91985.0, 720.0], [91987.5, 1200.0], [91990.0, 12650.0], [91992.5, 38150.0], [91995.0, 15000.0], [91997.5, 50000.0], [92000.0, 4400.0], [92002.5, 6000.0], [92005.0, 3000.0], [92007.5, 10000.0], [92010.0, 27240.0], [92012.5, 84930.0], [92015.0, 6000.0], [92017.5, 13840.0], [92020.0, 62810.0], [92022.5, 1800.0], [92025.0, 6000.0], [92037.5, 780.0], [92040.0, 4400.0]]}}}
{"jsonrpc": "2.0", "method": "subscription", "params": {"channel": "book.BTC-14MAR25.none.20.100ms", "data": {"timestamp": 1741242983483, "change_id": 91244918920, "instrument_name": "BTC-14MAR25", "bids": [[92120.0, 4160.0], [92117.5, 2600.0], [92115.0, 4640.0], [92112.5, 2600.0], [92110.0, 5750.0], [92107.5, 2600.0], [92105.0, 3740.0], [92102.5, 4200.0], [92100.0, 3000.0], [92097.5, 10000.0], [92095.0, 1260.0], [92092.5, 4200.0], [92090.0, 10.0], [92085.0, 1260.0], [92082.5, 4200.0], [92075.0, 2000.0], [92072.5, 2480.0], [92070.0, 4200.0], [92062.5, 3310.0], [92060.0, 11550.0]], "asks": [[92125.0, 2600.0], [92135.0, 940.0], [92137.5, 2480.0], [92140.0, 3650.0], [92145.0, 10000.0], [92147.5, 10.0], [92152.5, 1260.0], [92155.0, 4200.0], [92160.0, 120.0], [92162.5, 1260.0], [92165.0, 19950.0], [92167.5, 50020.0], [92170.0, 2480.0], [92172.5, 8430.0], [92175.0, 28630.0], [92185.0, 2310.0], [92187.5, 3510.0], [92190.0, 4200.0], [92192.5, 600.0], [92195.0, 7630.0]]}}}
{"jsonrpc": "2.0", "method": "subscription", "params": {"channel": "book.BTC-7MAR25.none.20.100ms", "data": {"timestamp": 1741242983482, "change_id": 91244918916, "instrument_name": "BTC-7MAR25", "bids": [[91980.0, 120.0], [91972.5, 2600.0], [91965.0, 1200.0], [91962.5, 3000.0], [91960.0, 10000.0], [91957.5, 2160.0], [91955.0, 6000.0], [91950.0, 19930.0], [91947.5, 61170.0], [91945.0, 6780.0], [91942.5, 2600.0], [91937.5, 1700.0], [91935.0, 6000.0], [91922.5, 1800.0], [91920.0, 6000.0], [91907.5, 1800.0], [91905.0, 6000.0], [91900.0, 20.0], [91897.5, 19730.0], [91895.0, 66510.0]], "asks": [[91982.5, 1210.0], [91985.0, 720.0], [91987.5, 1200.0], [91990.0, 12650.0], [91992.5, 38150.0], [91995.0, 15000.0], [91997.5, 50000.0], [92000.0, 4400.0], [92002.5, 6000.0], [92005.0, 3000.0], [92007.5, 10000.0], [92010.0, 27240.0], [92012.5, 84930.0], [92015.0, 6000.0], [92017.5, 13840.0], [92020.0, 62810.0], [92022.5, 1800.0], [92025.0, 6000.0], [92037.5, 780.0], [92040.0, 4400.0]]}}}
{"jsonrpc": "2.0", "method": "subscription", "params": {"channel": "book.BTC-14MAR25.none.20.100ms", "data": {"timestamp": 1741242983847, "change_id": 91244919350, "instrument_name": "BTC-14MAR25", "bids": [[92120.0, 4160.0], [92117.5, 2600.0], [92115.0, 4640.0], [92112.5, 2600.0], [92110.0, 5750.0], [92107.5, 2600.0], [92105.0, 3740.0], [92102.5, 4200.0], [92100.0, 3000.0], [92097.5, 35810.0], [92095.0, 1260.0], [92092.5, 4200.0], [92090.0, 10.0], [92085.0, 1260.0], [92082.5, 4200.0], [92077.5, 7230.0], [92075.0, 26110.0], [92072.5, 2480.0], [92070.0, 4200.0], [92062.5, 3310.0]], "asks": [[92125.0, 2600.0], [92135.0, 940.0], [92137.5, 2480.0], [92140.0, 3650.0], [92145.0, 10000.0], [92147.5, 10.0], [92152.5, 1260.0], [92155.0, 4200.0], [92160.0, 120.0], [92162.5, 1260.0], [92165.0, 19950.0], [92167.5, 50020.0], [92170.0, 2480.0], [92172.5, 8430.0], [92175.0, 28630.0], [92185.0, 2310.0], [92187.5, 3510.0], [92190.0, 4200.0], [92192.5, 600.0], [92195.0, 7630.0]]}}}
{"jsonrpc": "2.0", "method": "subscription", "params": {"channel": "book.BTC-7MAR25.none.20.100ms", "data": {"timestamp": 1741242983785, "change_id": 91244919235, "instrument_name": "BTC-7MAR25", "bids": [[91980.0, 120.0], [91972.5, 2600.0], [91965.0, 1200.0], [91962.5, 3000.0], [91960.0, 10000.0], [91957.5, 2160.0], [91955.0, 6000.0], [91950.0, 19930.0], [91947.5, 61170.0], [91945.0, 6780.0], [91942.5, 2600.0], [91937.5, 1700.0], [91935.0, 6000.0], [91930.0, 16240.0], [91922.5, 1800.0], [91920.0, 6000.0], [91907.5, 1800.0], [91905.0, 6000.0], [91900.0, 20.0], [91897.5, 19730.0]], "asks": [[91982.5, 1210.0], [91985.0, 720.0], [91987.5, 1200.0], [91990.0, 12650.0], [91992.5, 38150.0], [91995.0, 15000.0], [91997.5, 50000.0], [92000.0, 4400.0], [92002.5, 6000.0], [92005.0, 3000.0], [92007.5, 10000.0], [92010.0, 27240.0], [92012.5, 84930.0], [92015.0, 6000.0], [92017.5, 13840.0], [92020.0, 62810.0], [92022.5, 1800.0], [92025.0, 6000.0], [92037.5, 780.0], [92040.0, 4400.0]]}}}
{"jsonrpc": "2.0", "method": "subscription", "params": {"channel": "book.BTC-14MAR25.none.20.100ms", "data": {"timestamp": 1741242984142, "change_id": 91244919816, "instrument_name": "BTC-14MAR25", "bids": [[92122.5, 4540.0], [92120.0, 8360.0], [92117.5, 2600.0], [92115.0, 5680.0], [92112.5, 6800.0], [92110.0, 5750.0], [92107.5, 2600.0], [92105.0, 3740.0], [92102.5, 4200.0], [92100.0, 3000.0], [92097.5, 35810.0], [92095.0, 1260.0], [92092.5, 4200.0], [92090.0, 10.0], [92085.0, 1260.0], [92082.5, 4200.0], [92077.5, 7230.0], [92075.0, 26110.0], [92072.5, 2480.0], [92070.0, 4200.0]], "asks": [[92135.0, 940.0], [92137.5, 2480.0], [92140.0, 3650.0], [92145.0, 10000.0], [92147.5, 10.0], [92152.5, 1260.0], [92155.0, 4200.0], [92160.0, 120.0], [92162.5, 1260.0], [92165.0, 19950.0], [92167.5, 50020.0], [92170.0, 2480.0], [92172.5, 8430.0], [92175.0, 28630.0], [92185.0, 2310.0], [92187.5, 3510.0], [92190.0, 4200.0], [92192.5, 600.0], [92195.0, 3260.0], [92200.0, 12190.0]]}}}
{"jsonrpc": "2.0", "method": "subscription", "params": {"channel": "book.BTC-7MAR25.none.20.100ms", "data": {"timestamp": 1741242984156, "change_id": 91244919828, "instrument_name": "BTC-7MAR25", "bids": [[91980.0, 120.0], [91972.5, 2600.0], [91965.0, 1200.0], [91962.5, 3000.0], [91960.0, 10000.0], [91957.5, 2160.0], [91955.0, 6000.0], [91950.0, 19930.0], [91947.5, 61170.0], [91945.0, 6780.0], [91942.5, 2600.0], [91937.5, 1700.0], [91935.0, 6000.0], [91922.5, 1800.0], [91920.0, 10800.0], [91917.5, 15990.0], [91907.5, 1800.0], [91905.0, 6000.0], [91900.0, 20.0], [91897.5, 19730.0]], "asks": [[91982.5, 1210.0], [91985.0, 720.0], [91987.5, 1200.0], [91990.0, 12650.0], [91992.5, 38150.0], [91995.0, 15000.0], [91997.5, 50000.0], [92000.0, 2600.0], [92005.0, 3000.0], [92007.5, 10000.0], [92010.0, 27240.0], [92012.5, 84930.0], [92015.0, 6000.0], [92017.5, 13840.0], [92020.0, 62810.0], [92022.5, 1800.0], [92025.0, 6000.0], [92037.5, 780.0], [92040.0, 4400.0], [92042.5, 6000.0]]}}}
{"jsonrpc": "2.0", "method": "subscription", "params": {"channel": "book.BTC-7MAR25.none.20.100ms", "data": {"timestamp": 1741242984474, "change_id": 91244920391, "instrument_name": "BTC-7MAR25", "bids": [[91980.0, 130.0], [91972.5, 780.0], [91970.0, 2600.0], [91965.0, 1200.0], [91962.5, 4200.0], [91960.0, 10000.0], [91957.5, 2160.0], [91955.0, 6000.0], [91950.0, 19930.0], [91947.5, 61170.0], [91945.0, 6780.0], [91942.5, 2600.0], [91937.5, 1700.0], [91935.0, 6000.0], [91922.5, 1800.0], [91920.0, 10800.0], [91917.5, 15990.0], [91907.5, 1800.0], [91905.0, 6000.0], [91900.0, 20.0]], "asks": [[91982.5, 1200.0], [91987.5, 1200.0], [91990.0, 12650.0], [91992.5, 38150.0], [91995.0, 15000.0], [91997.5, 50000.0], [92000.0, 2600.0], [92005.0, 3000.0], [92007.5, 10000.0], [92010.0, 27240.0], [92012.5, 84930.0], [92015.0, 6000.0], [92017.5, 13840.0], [92020.0, 62810.0], [92022.5, 1800.0], [92025.0, 6000.0], [92037.5, 780.0], [92040.0, 4400.0], [92042.5, 6000.0], [92050.0, 1800.0]]}}}
{"jsonrpc": "2.0", "method": "subscription", "params": {"channel": "book.BTC-14MAR25.none.20.100ms", "data": {"timestamp": 1741242984492, "change_id": 91244920427, "instrument_name": "BTC-14MAR25", "bids": [[92125.0, 4640.0], [92122.5, 2600.0], [92120.0, 4980.0], [92117.5, 2600.0], [92115.0, 1970.0], [92112.5, 6800.0], [92110.0, 1550.0], [92107.5, 2600.0], [92105.0, 3740.0], [92102.5, 4200.0], [92100.0, 10370.0], [92097.5, 35810.0], [92095.0, 1260.0], [92092.5, 4200.0], [92090.0, 10.0], [92085.0, 1260.0], [92082.5, 4200.0], [92077.5, 7230.0], [92075.0, 26110.0], [92072.5, 2480.0]], "asks": [[92135.0, 940.0], [92137.5, 2480.0], [92140.0, 3650.0], [92145.0, 10000.0], [92147.5, 10.0], [92152.5, 1260.0], [92155.0, 4200.0], [92160.0, 120.0], [92162.5, 1260.0], [92165.0, 19950.0], [92167.5, 50020.0], [92170.0, 2480.0], [92172.5, 8430.0], [92175.0, 28630.0], [92185.0, 2310.0], [92187.5, 3510.0], [92190.0, 4200.0], [92192.5, 600.0], [92195.0, 3260.0], [92200.0, 12190.0]]}}}
{"jsonrpc": "2.0", "method": "subscription", "params": {"channel": "book.BTC-7MAR25.none.20.100ms", "data": {"timestamp": 1741242984841, "change_id": 91244921318, "instrument_name": "BTC-7MAR25", "bids": [[91990.0, 6010.0], [91987.5, 1800.0], [91985.0, 6000.0], [91982.5, 6010.0], [91980.0, 12120.0], [91967.5, 2160.0], [91965.0, 7200.0], [91962.5, 4200.0], [91960.0, 10000.0], [91957.5, 2160.0], [91955.0, 24350.0], [91952.5, 61170.0], [91947.5, 1800.0], [91945.0, 6780.0], [91942.5, 2600.0], [91937.5, 1700.0], [91935.0, 6000.0], [91922.5, 1800.0], [91920.0, 10800.0], [91917.5, 15990.0]], "asks": [[91992.5, 38150.0], [91997.5, 50000.0], [92012.5, 120.0], [92017.5, 3010.0], [92020.0, 10040.0], [92022.5, 1800.0], [92025.0, 6000.0], [92035.0, 14610.0], [92037.5, 46090.0], [92040.0, 4400.0], [92042.5, 6000.0], [92045.0, 2000.0], [92050.0, 1800.0], [92052.5, 6000.0], [92070.0, 1800.0], [92072.5, 6000.0], [92077.5, 18390.0], [92080.0, 61300.0], [92082.5, 4230.0], [92085.0, 15890.0]]}}}
{"jsonrpc": "2.0", "method": "subscription", "params": {"channel": "book.BTC-14MAR25.none.20.100ms", "data": {"timestamp": 1741242984782, "change_id": 91244921191, "instrument_name": "BTC-14MAR25", "bids": [[92132.5, 4200.0], [92130.0, 5760.0], [92127.5, 2600.0], [92125.0, 4540.0], [92122.5, 9280.0], [92120.0, 900.0], [92117.5, 2600.0], [92115.0, 1970.0], [92112.5, 6800.0], [92110.0, 780.0], [92107.5, 2600.0], [92105.0, 1260.0], [92102.5, 4200.0], [92100.0, 3000.0], [92097.5, 10000.0], [92095.0, 1260.0], [92092.5, 4200.0], [92090.0, 10.0], [92085.0, 1260.0], [92082.5, 4200.0]], "asks": [[92135.0, 200.0], [92145.0, 10000.0], [92147.5, 10.0], [92152.5, 740.0], [92155.0, 2480.0], [92160.0, 120.0], [92162.5, 1260.0], [92165.0, 4200.0], [92167.5, 20.0], [92172.5, 1260.0], [92175.0, 54200.0], [92185.0, 2310.0], [92187.5, 3510.0], [92190.0, 4200.0], [92195.0, 1260.0], [92200.0, 12190.0], [92202.5, 29120.0], [92215.0, 1260.0], [92217.5, 4200.0], [92222.5, 10.0]]}}}
{"jsonrpc": "2.0", "method": "subscription", "params": {"channel": "book.BTC-14MAR25.none.20.100ms", "data": {"timestamp": 1741242985097, "change_id": 91244922891, "instrument_name": "BTC-14MAR25", "bids": [[92132.5, 4200.0], [92130.0, 8360.0], [92127.5, 2600.0], [92125.0, 4540.0], [92122.5, 6800.0], [92120.0, 780.0], [92117.5, 2600.0], [92115.0, 7500.0], [92112.5, 25830.0], [92110.0, 780.0], [92107.5, 12600.0], [92105.0, 1260.0], [92102.5, 4200.0], [92095.0, 1260.0], [92092.5, 4200.0], [92090.0, 10.0], [92085.0, 1260.0], [92082.5, 4200.0], [92080.0, 7350.0], [92077.5, 7230.0]], "asks": [[92135.0, 200.0], [92147.5, 10.0], [92155.0, 3040.0], [92157.5, 10000.0], [92160.0, 740.0], [92162.5, 2480.0], [92167.5, 20.0], [92172.5, 1380.0], [92175.0, 4200.0], [92185.0, 2310.0], [92187.5, 78460.0], [92190.0, 4200.0], [92195.0, 1260.0], [92200.0, 12190.0], [92202.5, 29120.0], [92215.0, 1260.0], [92217.5, 4200.0], [92222.5, 10.0], [92227.5, 6370.0], [92230.0, 14570.0]]}}}
{"jsonrpc": "2.0", "method": "subscription", "params": {"channel": "book.BTC-7MAR25.none.20.100ms", "data": {"timestamp": 1741242985134, "change_id": 91244922951, "instrument_name": "BTC-7MAR25", "bids": [[91997.5, 1800.0], [91995.0, 6000.0], [91992.5, 3010.0], [91990.0, 8730.0], [91987.5, 1800.0], [91985.0, 6000.0], [91982.5, 6170.0], [91980.0, 22000.0], [91967.5, 2160.0], [91965.0, 7200.0], [91962.5, 1200.0], [91957.5, 2160.0], [91955.0, 6000.0], [91947.5, 1800.0], [91945.0, 6780.0], [91942.5, 2600.0], [91937.5, 1700.0], [91935.0, 6000.0], [91922.5, 1800.0], [91920.0, 10800.0]], "asks": [[92015.0, 4990.0], [92020.0, 12640.0], [92025.0, 19940.0], [92027.5, 50120.0], [92030.0, 18130.0], [92032.5, 6000.0], [92035.0, 14610.0], [92037.5, 46090.0], [92040.0, 4400.0], [92042.5, 6000.0], [92045.0, 2000.0], [92050.0, 1800.0], [92052.5, 6000.0], [92070.0, 1800.0], [92072.5, 6000.0], [92077.5, 18390.0], [92080.0, 61300.0], [92082.5, 4230.0], [92085.0, 15890.0], [92087.5, 6000.0]]}}}
{"jsonrpc": "2.0", "method": "subscription", "params": {"channel": "book.BTC-7MAR25.none.20.100ms", "data": {"timestamp": 1741242985478, "change_id": 91244923865, "instrument_name": "BTC-7MAR25", "bids": [[91990.0, 8720.0], [91982.5, 3000.0], [91980.0, 10000.0], [91967.5, 15270.0], [91965.0, 67170.0], [91957.5, 2160.0], [91955.0, 6000.0], [91947.5, 1800.0], [91945.0, 6780.0], [91942.5, 2600.0], [91937.5, 1700.0], [91935.0, 6000.0], [91922.5, 1800.0], [91920.0, 10800.0], [91917.5, 15990.0], [91915.0, 18150.0], [91912.5, 60510.0], [91907.5, 1800.0], [91905.0, 6000.0], [91900.0, 20.0]], "asks": [[92010.0, 1210.0], [92012.5, 1200.0], [92015.0, 3790.0], [92020.0, 10040.0], [92025.0, 19940.0], [92027.5, 50120.0], [92030.0, 17910.0], [92032.5, 6000.0], [92035.0, 14610.0], [92037.5, 46090.0], [92040.0, 4400.0], [92042.5, 6000.0], [92045.0, 2000.0], [92050.0, 1800.0], [92052.5, 6000.0], [92070.0, 1800.0], [92072.5, 6000.0], [92077.5, 18390.0], [92080.0, 61300.0], [92082.5, 4230.0]]}}}
{"jsonrpc": "2.0", "method": "subscription", "params": {"channel": "book.BTC-14MAR25.none.20.100ms", "data": {"timestamp": 1741242985494, "change_id": 91244923889, "instrument_name": "BTC-14MAR25", "bids": [[92132.5, 6800.0], [92130.0, 8360.0], [92127.5, 2600.0], [92125.0, 4540.0], [92122.5, 6800.0], [92120.0, 3680.0], [92117.5, 12600.0], [92115.0, 2040.0], [92112.5, 6800.0], [92105.0, 1260.0], [92102.5, 4200.0], [92095.0, 1260.0], [92092.5, 4200.0], [92090.0, 10.0], [92085.0, 1260.0], [92082.5, 4200.0], [92080.0, 7350.0], [92077.5, 7230.0], [92075.0, 26110.0], [92072.5, 2480.0]], "asks": [[92135.0, 200.0], [92147.5, 10.0], [92155.0, 3040.0], [92157.5, 10000.0], [92160.0, 1910.0], [92162.5, 2480.0], [92165.0, 4200.0], [92167.5, 20.0], [92172.5, 1380.0], [92175.0, 4200.0], [92185.0, 2310.0], [92187.5, 77800.0], [92190.0, 4200.0], [92195.0, 1260.0], [92200.0, 12190.0], [92202.5, 29120.0], [92215.0, 1260.0], [92217.5, 4200.0], [92222.5, 10.0], [92227.5, 6370.0]]}}}
{"jsonrpc": "2.0", "method": "subscription", "params": {"channel": "book.BTC-7MAR25.none.20.100ms", "data": {"timestamp": 1741242985633, "change_id": 91244924003, "instrument_name": "BTC-7MAR25", "bids": [[91990.0, 6120.0], [91982.5, 5600.0], [91980.0, 10000.0], [91967.5, 15270.0], [91965.0, 67170.0], [91957.5, 2160.0], [91955.0, 6000.0], [91947.5, 1800.0], [91945.0, 6780.0], [91942.5, 2600.0], [91937.5, 1700.0], [91935.0, 6000.0], [91922.5, 1800.0], [91920.0, 10800.0], [91917.5, 15990.0], [91915.0, 18150.0], [91912.5, 60510.0], [91907.5, 1800.0], [91905.0, 6000.0], [91900.0, 20.0]], "asks": [[92010.0, 2350.0], [92012.5, 3800.0], [92015.0, 3790.0], [92020.0, 10040.0], [92025.0, 19940.0], [92027.5, 50120.0], [92030.0, 17910.0], [92032.5, 6000.0], [92035.0, 14610.0], [92037.5, 46090.0], [92040.0, 4400.0], [92042.5, 6000.0], [92045.0, 2000.0], [92050.0, 1800.0], [92052.5, 6000.0], [92070.0, 1800.0], [92072.5, 6000.0], [92077.5, 18390.0], [92080.0, 61300.0], [92082.5, 4230.0]]}}}
{"jsonrpc": "2.0", "method": "subscription", "params": {"channel": "book.BTC-14MAR25.none.20.100ms", "data": {"timestamp": 1741242985642, "change_id": 91244924222, "instrument_name": "BTC-14MAR25", "bids": [[92132.5, 2600.0], [92130.0, 5880.0], [92127.5, 2600.0], [92125.0, 4540.0], [92122.5, 9280.0], [92120.0, 3680.0], [92117.5, 12600.0], [92115.0, 2040.0], [92112.5, 6800.0], [92105.0, 1260.0], [92102.5, 4200.0], [92095.0, 1260.0], [92092.5, 4200.0], [92090.0, 10.0], [92085.0, 3310.0], [92082.5, 4200.0], [92080.0, 7350.0], [92077.5, 7230.0], [92075.0, 26110.0], [92072.5, 2480.0]], "asks": [[92135.0, 200.0], [92147.5, 10.0], [92152.5, 740.0], [92155.0, 5520.0], [92157.5, 10000.0], [92160.0, 1170.0], [92165.0, 4200.0], [92167.5, 20.0], [92172.5, 1380.0], [92175.0, 4200.0], [92185.0, 24310.0], [92187.5, 77800.0], [92190.0, 4200.0], [92195.0, 1260.0], [92200.0, 12190.0], [92202.5, 29120.0], [92215.0, 1260.0], [92217.5, 4200.0], [92222.5, 10.0], [92227.5, 6370.0]]}}}
{"jsonrpc": "2.0", "method": "subscription", "params": {"channel": "book.BTC-14MAR25.none.20.100ms", "data": {"timestamp": 1741242986071, "change_id": 91244924742, "instrument_name": "BTC-14MAR25", "bids": [[92132.5, 6800.0], [92130.0, 5880.0], [92127.5, 2600.0], [92125.0, 4540.0], [92122.5, 9280.0], [92120.0, 3680.0], [92117.5, 12600.0], [92115.0, 2040.0], [92112.5, 6800.0], [92105.0, 1260.0], [92102.5, 4200.0], [92095.0, 1260.0], [92092.5, 4200.0], [92090.0, 10.0], [92085.0, 3310.0], [92082.5, 4200.0], [92080.0, 7350.0], [92077.5, 7230.0], [92075.0, 26110.0], [92072.5, 2480.0]], "asks": [[92135.0, 200.0], [92147.5, 10.0], [92152.5, 740.0], [92155.0, 5520.0], [92157.5, 10000.0], [92160.0, 1170.0], [92165.0, 4200.0], [92167.5, 20.0], [92172.5, 1380.0], [92175.0, 4200.0], [92185.0, 24310.0], [92187.5, 77800.0], [92190.0, 4200.0], [92195.0, 1260.0], [92200.0, 12190.0], [92202.5, 29120.0], [92215.0, 1260.0], [92217.5, 4200.0], [92222.5, 10.0], [92227.5, 6370.0]]}}}
{"jsonrpc": "2.0", "method": "subscription", "params": {"channel": "book.BTC-7MAR25.none.20.100ms", "data": {"timestamp": 1741242986072, "change_id": 91244924746, "instrument_name": "BTC-7MAR25", "bids": [[91990.0, 6120.0], [91982.5, 5600.0], [91980.0, 10000.0], [91967.5, 15270.0], [91965.0, 67170.0], [91957.5, 2160.0], [91955.0, 6000.0], [91947.5, 1800.0], [91945.0, 6780.0], [91942.5, 2600.0], [91937.5, 1700.0], [91935.0, 6000.0], [91922.5, 1800.0], [91920.0, 10800.0], [91917.5, 15990.0], [91915.0, 18150.0], [91912.5, 60510.0], [91907.5, 1800.0], [91905.0, 6000.0], [91900.0, 20.0]], "asks": [[92010.0, 2350.0], [92012.5, 3800.0], [92015.0, 3790.0], [92020.0, 10040.0], [92025.0, 19940.0], [92027.5, 50120.0], [92030.0, 42530.0], [92032.5, 88820.0], [92035.0, 14610.0], [92037.5, 46090.0], [92040.0, 4400.0], [92042.5, 6000.0], [92045.0, 2000.0], [92050.0, 1800.0], [92052.5, 6000.0], [92070.0, 1800.0], [92072.5, 6000.0], [92077.5, 18390.0], [92080.0, 61300.0], [92082.5, 4230.0]]}}}
{"jsonrpc": "2.0", "method": "subscription", "params": {"channel": "book.BTC-7MAR25.none.20.100ms", "data": {"timestamp": 1741242986489, "change_id": 91244926054, "instrument_name": "BTC-7MAR25", "bids": [[91977.5, 2720.0], [91970.0, 3000.0], [91967.5, 10000.0], [91957.5, 2160.0], [91955.0, 6000.0], [91952.5, 13740.0], [91950.0, 61170.0], [91947.5, 1800.0], [91945.0, 6780.0], [91942.5, 2600.0], [91937.5, 1800.0], [91935.0, 6000.0], [91922.5, 1800.0], [91920.0, 6000.0], [91905.0, 6000.0], [91900.0, 20.0], [91897.5, 17930.0], [91895.0, 66510.0], [91882.5, 1800.0], [91880.0, 6000.0]], "asks": [[91992.5, 1210.0], [92002.5, 780.0], [92005.0, 2600.0], [92007.5, 3000.0], [92010.0, 10000.0], [92017.5, 1810.0], [92020.0, 6040.0], [92025.0, 19940.0], [92027.5, 50120.0], [92030.0, 17910.0], [92032.5, 6000.0], [92035.0, 14610.0], [92037.5, 46090.0], [92040.0, 4400.0], [92042.5, 6000.0], [92045.0, 2000.0], [92050.0, 1800.0], [92052.5, 6000.0], [92070.0, 1800.0], [92072.5, 6000.0]]}}}
{"jsonrpc": "2.0", "method": "subscription", "params": {"channel": "book.BTC-14MAR25.none.20.100ms", "data": {"timestamp": 1741242986444, "change_id": 91244926060, "instrument_name": "BTC-14MAR25", "bids": [[92122.5, 740.0], [92120.0, 8520.0], [92117.5, 6920.0], [92115.0, 14570.0], [92112.5, 4200.0], [92107.5, 3000.0], [92105.0, 11260.0], [92102.5, 4200.0], [92092.5, 4200.0], [92090.0, 10.0], [92085.0, 3310.0], [92082.5, 4200.0], [92080.0, 7350.0], [92075.0, 2000.0], [92072.5, 2480.0], [92070.0, 4200.0], [92062.5, 1260.0], [92060.0, 4200.0], [92057.5, 15420.0], [92050.0, 1260.0]], "asks": [[92135.0, 200.0], [92142.5, 1260.0], [92145.0, 7980.0], [92147.5, 10010.0], [92150.0, 2600.0], [92152.5, 1170.0], [92155.0, 4200.0], [92160.0, 1170.0], [92162.5, 120.0], [92165.0, 4200.0], [92167.5, 20.0], [92175.0, 4200.0], [92185.0, 24310.0], [92187.5, 77800.0], [92190.0, 4200.0], [92200.0, 12190.0], [92202.5, 26640.0], [92215.0, 1260.0], [92217.5, 4200.0], [92222.5, 10.0]]}}}
{"jsonrpc": "2.0", "method": "subscription", "params": {"channel": "book.BTC-7MAR25.none.20.100ms", "data": {"timestamp": 1741242986827, "change_id": 91244926824, "instrument_name": "BTC-7MAR25", "bids": [[91977.5, 120.0], [91972.5, 780.0], [91970.0, 5600.0], [91967.5, 10000.0], [91957.5, 2160.0], [91955.0, 6000.0], [91952.5, 13740.0], [91950.0, 61170.0], [91947.5, 1800.0], [91945.0, 6780.0], [91942.5, 2600.0], [91937.5, 1800.0], [91935.0, 6000.0], [91932.5, 4830.0], [91930.0, 16090.0], [91922.5, 1800.0], [91920.0, 6000.0], [91907.5, 1800.0], [91905.0, 6000.0], [91900.0, 20.0]], "asks": [[91992.5, 1210.0], [91995.0, 780.0], [91997.5, 2600.0], [92007.5, 3000.0], [92010.0, 10000.0], [92017.5, 70390.0], [92020.0, 89360.0], [92027.5, 4830.0], [92030.0, 17910.0], [92032.5, 6000.0], [92035.0, 14610.0], [92037.5, 46090.0], [92040.0, 4400.0], [92042.5, 6000.0], [92045.0, 2000.0], [92050.0, 1800.0], [92052.5, 6000.0], [92070.0, 1800.0], [92072.5, 6000.0], [92077.5, 18390.0]]}}}
{"jsonrpc": "2.0", "method": "subscription", "params": {"channel": "book.BTC-14MAR25.none.20.100ms", "data": {"timestamp": 1741242986748, "change_id": 91244926753, "instrument_name": "BTC-14MAR25", "bids": [[92122.5, 3380.0], [92120.0, 3420.0], [92117.5, 2720.0], [92115.0, 2000.0], [92112.5, 4200.0], [92110.0, 2480.0], [92107.5, 3000.0], [92105.0, 11260.0], [92102.5, 4200.0], [92095.0, 1260.0], [92092.5, 4200.0], [92090.0, 10.0], [92085.0, 3310.0], [92082.5, 4200.0], [92080.0, 7350.0], [92075.0, 26890.0], [92072.5, 2480.0], [92070.0, 4200.0], [92062.5, 1260.0], [92060.0, 8830.0]], "asks": [[92135.0, 200.0], [92142.5, 590.0], [92145.0, 6260.0], [92147.5, 10010.0], [92150.0, 2600.0], [92152.5, 1170.0], [92155.0, 4200.0], [92160.0, 1170.0], [92162.5, 120.0], [92165.0, 4200.0], [92167.5, 20.0], [92170.0, 2480.0], [92172.5, 1260.0], [92175.0, 4200.0], [92185.0, 24310.0], [92187.5, 77800.0], [92190.0, 4200.0], [92200.0, 12190.0], [92202.5, 26640.0], [92215.0, 1260.0]]}}}
{"jsonrpc": "2.0", "method": "subscription", "params": {"channel": "book.BTC-14MAR25.none.20.100ms", "data": {"timestamp": 1741242987035, "change_id": 91244927363, "instrument_name": "BTC-14MAR25", "bids": [[92127.5, 4640.0], [92125.0, 9620.0], [92122.5, 6800.0], [92120.0, 5900.0], [92117.5, 2720.0], [92115.0, 1260.0], [92112.5, 4200.0], [92107.5, 3000.0], [92105.0, 11260.0], [92102.5, 4200.0], [92095.0, 1260.0], [92092.5, 4200.0], [92090.0, 10.0], [92085.0, 3310.0], [92082.5, 4200.0], [92080.0, 7350.0], [92075.0, 26890.0], [92072.5, 2480.0], [92070.0, 4200.0], [92062.5, 1260.0]], "asks": [[92135.0, 200.0], [92145.0, 3780.0], [92147.5, 10010.0], [92150.0, 3340.0], [92152.5, 2480.0], [92160.0, 1170.0], [92162.5, 120.0], [92165.0, 4200.0], [92167.5, 20.0], [92170.0, 2480.0], [92172.5, 1260.0], [92175.0, 4200.0], [92185.0, 24310.0], [92187.5, 77800.0], [92190.0, 4200.0], [92200.0, 12190.0], [92202.5, 26640.0], [92215.0, 1260.0], [92217.5, 4200.0], [92222.5, 10.0]]}}}
{"jsonrpc": "2.0", "method": "subscription", "params": {"channel": "book.BTC-7MAR25.none.20.100ms", "data": {"timestamp": 1741242987062, "change_id": 91244927504, "instrument_name": "BTC-7MAR25", "bids": [[91987.5, 10.0], [91982.5, 6000.0], [91980.0, 1840.0], [91977.5, 8720.0], [91970.0, 4430.0], [91967.5, 16000.0], [91957.5, 2160.0], [91955.0, 6000.0], [91952.5, 13740.0], [91950.0, 61170.0], [91947.5, 1800.0], [91945.0, 6780.0], [91942.5, 2600.0], [91937.5, 1800.0], [91935.0, 6000.0], [91932.5, 4830.0], [91930.0, 16090.0], [91922.5, 1800.0], [91920.0, 6000.0], [91907.5, 1800.0]], "asks": [[91992.5, 1200.0], [92002.5, 780.0], [92005.0, 2600.0], [92007.5, 3000.0], [92010.0, 10000.0], [92015.0, 37340.0], [92017.5, 50120.0], [92020.0, 74360.0], [92027.5, 4830.0], [92030.0, 17910.0], [92032.5, 6000.0], [92035.0, 14610.0], [92037.5, 46090.0], [92040.0, 4400.0], [92042.5, 6000.0], [92045.0, 2000.0], [92050.0, 1800.0], [92052.5, 6000.0], [92070.0, 1800.0], [92072.5, 6000.0]]}}}
{"jsonrpc": "2.0", "method": "subscription", "params": {"channel": "book.BTC-14MAR25.none.20.100ms", "data": {"timestamp": 1741242987465, "change_id": 91244928465, "instrument_name": "BTC-14MAR25", "bids": [[92130.0, 7020.0], [92127.5, 5200.0], [92125.0, 5230.0], [92122.5, 6800.0], [92120.0, 3420.0], [92117.5, 2600.0], [92115.0, 1260.0], [92112.5, 4200.0], [92107.5, 3000.0], [92105.0, 11260.0], [92102.5, 4200.0], [92095.0, 1260.0], [92092.5, 4200.0], [92090.0, 10.0], [92085.0, 3310.0], [92082.5, 4200.0], [92080.0, 7350.0], [92075.0, 26890.0], [92072.5, 2480.0], [92070.0, 4200.0]], "asks": [[92135.0, 200.0], [92142.5, 2600.0], [92147.5, 790.0], [92150.0, 2600.0], [92157.5, 740.0], [92160.0, 6630.0], [92162.5, 10000.0], [92165.0, 4200.0], [92167.5, 20.0], [92172.5, 1260.0], [92175.0, 4200.0], [92177.5, 120.0], [92185.0, 2310.0], [92187.5, 53510.0], [92190.0, 4200.0], [92200.0, 12190.0], [92202.5, 29120.0], [92215.0, 1260.0], [92217.5, 4200.0], [92222.5, 10.0]]}}}
{"jsonrpc": "2.0", "method": "subscription", "params": {"channel": "book.BTC-7MAR25.none.20.100ms", "data": {"timestamp": 1741242987454, "change_id": 91244928444, "instrument_name": "BTC-7MAR25", "bids": [[91990.0, 8950.0], [91987.5, 6120.0], [91985.0, 5600.0], [91982.5, 6000.0], [91970.0, 4430.0], [91967.5, 16000.0], [91962.5, 17770.0], [91960.0, 61170.0], [91957.5, 2160.0], [91955.0, 6000.0], [91947.5, 1800.0], [91945.0, 6780.0], [91942.5, 2600.0], [91937.5, 1800.0], [91935.0, 6000.0], [91932.5, 4830.0], [91930.0, 16090.0], [91922.5, 1800.0], [91920.0, 6000.0], [91910.0, 19950.0]], "asks": [[92010.0, 2700.0], [92012.5, 1200.0], [92015.0, 3800.0], [92020.0, 40.0], [92022.5, 3000.0], [92025.0, 10000.0], [92030.0, 16700.0], [92032.5, 56000.0], [92035.0, 14610.0], [92037.5, 46090.0], [92040.0, 4400.0], [92042.5, 6000.0], [92045.0, 2000.0], [92050.0, 1800.0], [92052.5, 6000.0], [92070.0, 1800.0], [92072.5, 6000.0], [92077.5, 18390.0], [92080.0, 61300.0], [92082.5, 4230.0]]}}}
{"jsonrpc": "2.0", "method": "subscription", "params": {"channel": "book.BTC-7MAR25.none.20.100ms", "data": {"timestamp": 1741242987818, "change_id": 91244929015, "instrument_name": "BTC-7MAR25", "bids": [[91990.0, 6010.0], [91987.5, 6120.0], [91985.0, 2600.0], [91970.0, 4430.0], [91967.5, 16000.0], [91962.5, 17770.0], [91960.0, 61170.0], [91957.5, 2160.0], [91955.0, 6000.0], [91947.5, 1800.0], [91945.0, 6780.0], [91942.5, 2600.0], [91937.5, 1800.0], [91935.0, 6000.0], [91932.5, 4830.0], [91930.0, 16090.0], [91922.5, 1800.0], [91920.0, 6000.0], [91910.0, 19950.0], [91907.5, 60510.0]], "asks": [[92005.0, 1920.0], [92007.5, 1200.0], [92010.0, 2700.0], [92012.5, 1200.0], [92015.0, 2600.0], [92020.0, 7810.0], [92022.5, 15900.0], [92025.0, 25040.0], [92027.5, 50000.0], [92030.0, 1920.0], [92032.5, 6000.0], [92035.0, 14610.0], [92037.5, 46090.0], [92040.0, 4400.0], [92042.5, 6000.0], [92045.0, 2000.0], [92050.0, 1800.0], [92052.5, 6000.0], [92070.0, 1800.0], [92072.5, 6000.0]]}}}
{"jsonrpc": "2.0", "method": "subscription", "params": {"channel": "book.BTC-14MAR25.none.20.100ms", "data": {"timestamp": 1741242987722, "change_id": 91244928928, "instrument_name": "BTC-14MAR25", "bids": [[92130.0, 2820.0], [92127.5, 5200.0], [92125.0, 5230.0], [92122.5, 6800.0], [92120.0, 7650.0], [92117.5, 2600.0], [92115.0, 15830.0], [92112.5, 4200.0], [92107.5, 3000.0], [92105.0, 11260.0], [92102.5, 4200.0], [92095.0, 1260.0], [92092.5, 4200.0], [92090.0, 10.0], [92085.0, 3310.0], [92082.5, 4200.0], [92080.0, 7350.0], [92077.5, 7470.0], [92075.0, 26890.0], [92072.5, 2480.0]], "asks": [[92135.0, 200.0], [92142.5, 2600.0], [92147.5, 790.0], [92150.0, 2600.0], [92152.5, 1260.0], [92155.0, 4200.0], [92157.5, 740.0], [92160.0, 6630.0], [92162.5, 10000.0], [92165.0, 4200.0], [92167.5, 20.0], [92172.5, 1260.0], [92175.0, 4200.0], [92177.5, 120.0], [92182.5, 25120.0], [92185.0, 17020.0], [92187.5, 53510.0], [92190.0, 4200.0], [92200.0, 12190.0], [92202.5, 29120.0]]}}}
{"jsonrpc": "2.0", "method": "subscription", "params": {"channel": "book.BTC-14MAR25.none.20.100ms", "data": {"timestamp": 1741242988104, "change_id": 91244929749, "instrument_name": "BTC-14MAR25", "bids": [[92132.5, 4200.0], [92130.0, 7020.0], [92127.5, 5200.0], [92125.0, 5230.0], [92122.5, 6800.0], [92120.0, 7650.0], [92117.5, 2600.0], [92115.0, 15830.0], [92112.5, 4200.0], [92107.5, 3000.0], [92105.0, 11260.0], [92102.5, 4200.0], [92095.0, 1260.0], [92092.5, 4200.0], [92090.0, 10.0], [92085.0, 3310.0], [92082.5, 4200.0], [92080.0, 7350.0], [92077.5, 7470.0], [92075.0, 26890.0]], "asks": [[92135.0, 200.0], [92147.5, 10.0], [92150.0, 2600.0], [92157.5, 740.0], [92160.0, 6630.0], [92162.5, 10000.0], [92165.0, 4200.0], [92167.5, 20.0], [92172.5, 1260.0], [92175.0, 4200.0], [92177.5, 120.0], [92185.0, 17020.0], [92187.5, 53510.0], [92190.0, 4200.0], [92200.0, 12190.0], [92202.5, 53830.0], [92215.0, 1260.0], [92217.5, 4200.0], [92222.5, 10.0], [92227.5, 6370.0]]}}}
{"jsonrpc": "2.0", "method": "subscription", "params": {"channel": "book.BTC-7MAR25.none.20.100ms", "data": {"timestamp": 1741242988112, "change_id": 91244929774, "instrument_name": "BTC-7MAR25", "bids": [[92000.0, 10.0], [91995.0, 6000.0], [91990.0, 820.0], [91987.5, 120.0], [91985.0, 2600.0], [91982.5, 1800.0], [91980.0, 6000.0], [91970.0, 4430.0], [91967.5, 16000.0], [91962.5, 17770.0], [91960.0, 61170.0], [91957.5, 2160.0], [91955.0, 6000.0], [91947.5, 1800.0], [91945.0, 6780.0], [91942.5, 2600.0], [91937.5, 1800.0], [91935.0, 6000.0], [91932.5, 4830.0], [91930.0, 16090.0]], "asks": [[92005.0, 1920.0], [92007.5, 1200.0], [92010.0, 2700.0], [92012.5, 1200.0], [92015.0, 2600.0], [92020.0, 3040.0], [92025.0, 25040.0], [92027.5, 73350.0], [92030.0, 1920.0], [92032.5, 6000.0], [92035.0, 14610.0], [92037.5, 46090.0], [92040.0, 4400.0], [92042.5, 6000.0], [92045.0, 2000.0], [92047.5, 5020.0], [92050.0, 18530.0], [92052.5, 6000.0], [92070.0, 1800.0], [92072.5, 6000.0]]}}}
{"jsonrpc": "2.0", "method": "subscription", "params": {"channel": "book.BTC-7MAR25.none.20.100ms", "data": {"timestamp": 1741242988326, "change_id": 91244930123, "instrument_name": "BTC-7MAR25", "bids": [[91992.5, 7800.0], [91990.0, 6820.0], [91987.5, 120.0], [91985.0, 2600.0], [91980.0, 3000.0], [91977.5, 10000.0], [91970.0, 1430.0], [91967.5, 6000.0], [91962.5, 17770.0], [91960.0, 61170.0], [91957.5, 2160.0], [91955.0, 6000.0], [91947.5, 1800.0], [91945.0, 6780.0], [91942.5, 2600.0], [91937.5, 1800.0], [91935.0, 6000.0], [91932.5, 4830.0], [91930.0, 16090.0], [91922.5, 1800.0]], "asks": [[92005.0, 1920.0], [92007.5, 1200.0], [92010.0, 2700.0], [92012.5, 1200.0], [92015.0, 2600.0], [92020.0, 3040.0], [92025.0, 35120.0], [92027.5, 73350.0], [92030.0, 18450.0], [92032.5, 6000.0], [92035.0, 14610.0], [92037.5, 46090.0], [92040.0, 4400.0], [92042.5, 6000.0], [92045.0, 2000.0], [92050.0, 1800.0], [92052.5, 6000.0], [92070.0, 1800.0], [92072.5, 6000.0], [92077.5, 18390.0]]}}}
