{"jsonrpc": "2.0", "method": "subscription", "params": {"channel": "book.BTC-14FEB25.none.20.100ms", "data": {"timestamp": 1739308491747, "change_id": 87767847033, "instrument_name": "BTC-14FEB25", "bids": [[95467.5, 7150.0], [95465.0, 3770.0], [95462.5, 5400.0], [95460.0, 17110.0], [95457.5, 57000.0], [95452.5, 3000.0], [95450.0, 10000.0], [95445.0, 25790.0], [95442.5, 76360.0], [95440.0, 9140.0], [95432.5, 5000.0], [95430.0, 16660.0], [95427.5, 2120.0], [95425.0, 7000.0], [95422.5, 20.0], [95420.0, 10.0], [95417.5, 3300.0], [95412.5, 2100.0], [95410.0, 20580.0], [95407.5, 45270.0]], "asks": [[95470.0, 9200.0], [95472.5, 2320.0], [95477.5, 120.0], [95482.5, 13340.0], [95485.0, 61610.0], [95487.5, 50000.0], [95490.0, 7000.0], [95497.5, 5100.0], [95500.0, 19140.0], [95502.5, 20.0], [95507.5, 2100.0], [95510.0, 7000.0], [95517.5, 2120.0], [95520.0, 7010.0], [95522.5, 20.0], [95525.0, 10.0], [95527.5, 20240.0], [95530.0, 68080.0], [95532.5, 2000.0], [95537.5, 2100.0]]}}}
{"jsonrpc": "2.0", "method": "subscription", "params": {"channel": "book.BTC-21FEB25.none.20.100ms", "data": {"timestamp": 1739308491522, "change_id": 87767846714, "instrument_name": "BTC-21FEB25", "bids": [[95580.0, 10020.0], [95577.5, 600.0], [95575.0, 18020.0], [95572.5, 51400.0], [95570.0, 2000.0], [95565.0, 7970.0], [95562.5, 16250.0], [95560.0, 7520.0], [95557.5, 130.0], [95550.0, 1650.0], [95547.5, 5500.0], [95542.5, 30.0], [95537.5, 1650.0], [95535.0, 5500.0], [95530.0, 20.0], [95527.5, 1650.0], [95525.0, 5500.0], [95522.5, 20.0], [95510.0, 1650.0], [95507.5, 5500.0]], "asks": [[95582.5, 2660.0], [95592.5, 540.0], [95595.0, 10420.0], [95597.5, 28060.0], [95600.0, 2000.0], [95612.5, 5510.0], [95617.5, 25020.0], [95620.0, 50000.0], [95622.5, 5500.0], [95625.0, 20.0], [95630.0, 6140.0], [95632.5, 5500.0], [95635.0, 14950.0], [95637.5, 20.0], [95640.0, 10.0], [95642.5, 5500.0], [95645.0, 4880.0], [95647.5, 16270.0], [95657.5, 5520.0], [95660.0, 2020.0]]}}}
{"jsonrpc": "2.0", "method": "subscription", "params": {"channel": "book.BTC-21FEB25.none.20.100ms", "data": {"timestamp": 1739308492092, "change_id": 87767847270, "instrument_name": "BTC-21FEB25", "bids": [[95580.0, 20.0], [95577.5, 600.0], [95575.0, 18020.0], [95572.5, 51400.0], [95570.0, 5000.0], [95567.5, 10000.0], [95565.0, 7970.0], [95562.5, 16250.0], [95560.0, 7520.0], [95557.5, 130.0], [95550.0, 1650.0], [95547.5, 5500.0], [95542.5, 30.0], [95537.5, 1650.0], [95535.0, 5500.0], [95530.0, 20.0], [95527.5, 1650.0], [95525.0, 5500.0], [95522.5, 20.0], [95510.0, 1650.0]], "asks": [[95582.5, 2660.0], [95592.5, 540.0], [95595.0, 10420.0], [95597.5, 28060.0], [95600.0, 2000.0], [95612.5, 5510.0], [95617.5, 25020.0], [95620.0, 51660.0], [95622.5, 5500.0], [95625.0, 20.0], [95630.0, 6140.0], [95632.5, 5500.0], [95635.0, 14950.0], [95637.5, 20.0], [95640.0, 10.0], [95642.5, 5500.0], [95645.0, 4880.0], [95647.5, 16270.0], [95655.0, 2260.0], [95657.5, 5520.0]]}}}
{"jsonrpc": "2.0", "method": "subscription", "params": {"channel": "book.BTC-21FEB25.none.20.100ms", "data": {"timestamp": 1739308492549, "change_id": 87767847585, "instrument_name": "BTC-21FEB25", "bids": [[95580.0, 10020.0], [95577.5, 600.0], [95575.0, 18020.0], [95572.5, 51400.0], [95570.0, 2000.0], [95565.0, 7970.0], [95562.5, 16250.0], [95560.0, 7520.0], [95557.5, 130.0], [95550.0, 1650.0], [95547.5, 5500.0], [95542.5, 30.0], [95537.5, 1650.0], [95535.0, 5500.0], [95530.0, 20.0], [95527.5, 1650.0], [95525.0, 5500.0], [95522.5, 20.0], [95510.0, 1650.0], [95507.5, 5500.0]], "asks": [[95582.5, 2660.0], [95592.5, 540.0], [95595.0, 10420.0], [95597.5, 28060.0], [95600.0, 2000.0], [95612.5, 5510.0], [95617.5, 25020.0], [95620.0, 51660.0], [95622.5, 5500.0], [95625.0, 20.0], [95630.0, 6140.0], [95632.5, 5500.0], [95635.0, 14950.0], [95637.5, 20.0], [95640.0, 10.0], [95642.5, 5500.0], [95645.0, 4880.0], [95647.5, 16270.0], [95655.0, 2260.0], [95657.5, 5520.0]]}}}
{"jsonrpc": "2.0", "method": "subscription", "params": {"channel": "book.BTC-14FEB25.none.20.100ms", "data": {"timestamp": 1739308492579, "change_id": 87767847589, "instrument_name": "BTC-14FEB25", "bids": [[95467.5, 12550.0], [95465.0, 3770.0], [95462.5, 5400.0], [95460.0, 17110.0], [95457.5, 57000.0], [95452.5, 3000.0], [95450.0, 10000.0], [95445.0, 25790.0], [95442.5, 76360.0], [95440.0, 9140.0], [95432.5, 5000.0], [95430.0, 16660.0], [95427.5, 2120.0], [95425.0, 7000.0], [95422.5, 20.0], [95420.0, 10.0], [95417.5, 3300.0], [95412.5, 2100.0], [95410.0, 20580.0], [95407.5, 45270.0]], "asks": [[95470.0, 10540.0], [95472.5, 2320.0], [95477.5, 120.0], [95482.5, 13340.0], [95485.0, 61610.0], [95487.5, 50000.0], [95490.0, 7000.0], [95497.5, 5100.0], [95500.0, 19140.0], [95502.5, 20.0], [95507.5, 2100.0], [95510.0, 7000.0], [95517.5, 2120.0], [95520.0, 7010.0], [95522.5, 20.0], [95525.0, 10.0], [95527.5, 20240.0], [95530.0, 68080.0], [95532.5, 2000.0], [95537.5, 2100.0]]}}}
{"jsonrpc": "2.0", "method": "subscription", "params": {"channel": "book.BTC-14FEB25.none.20.100ms", "data": {"timestamp": 1739308493042, "change_id": 87767848072, "instrument_name": "BTC-14FEB25", "bids": [[95467.5, 12550.0], [95465.0, 3770.0], [95462.5, 5400.0], [95460.0, 17110.0], [95457.5, 57000.0], [95452.5, 3000.0], [95450.0, 10000.0], [95445.0, 25790.0], [95442.5, 76360.0], [95440.0, 9140.0], [95432.5, 5000.0], [95430.0, 16660.0], [95427.5, 2120.0], [95425.0, 7000.0], [95422.5, 20.0], [95420.0, 1000.0], [95417.5, 3300.0], [95412.5, 2100.0], [95410.0, 20580.0], [95407.5, 45270.0]], "asks": [[95470.0, 10540.0], [95472.5, 2320.0], [95477.5, 2220.0], [95480.0, 7000.0], [95482.5, 13340.0], [95485.0, 61610.0], [95487.5, 50000.0], [95490.0, 7000.0], [95497.5, 5100.0], [95500.0, 19140.0], [95502.5, 20.0], [95507.5, 2100.0], [95510.0, 7000.0], [95517.5, 2120.0], [95520.0, 7010.0], [95522.5, 20.0], [95525.0, 10.0], [95527.5, 20240.0], [95530.0, 68080.0], [95532.5, 2000.0]]}}}
{"jsonrpc": "2.0", "method": "subscription", "params": {"channel": "book.BTC-21FEB25.none.20.100ms", "data": {"timestamp": 1739308493107, "change_id": 87767848157, "instrument_name": "BTC-21FEB25", "bids": [[95580.0, 20.0], [95577.5, 600.0], [95575.0, 18020.0], [95572.5, 51400.0], [95570.0, 2000.0], [95567.5, 10000.0], [95565.0, 7970.0], [95562.5, 16250.0], [95560.0, 7520.0], [95557.5, 130.0], [95550.0, 1650.0], [95547.5, 5500.0], [95542.5, 30.0], [95537.5, 1650.0], [95535.0, 5500.0], [95530.0, 20.0], [95527.5, 1650.0], [95525.0, 5500.0], [95522.5, 20.0], [95510.0, 1650.0]], "asks": [[95582.5, 2660.0], [95592.5, 540.0], [95595.0, 10420.0], [95597.5, 28060.0], [95600.0, 2000.0], [95610.0, 1650.0], [95612.5, 5510.0], [95617.5, 25020.0], [95620.0, 51660.0], [95622.5, 5500.0], [95625.0, 20.0], [95630.0, 6140.0], [95632.5, 5500.0], [95635.0, 14950.0], [95637.5, 20.0], [95640.0, 1660.0], [95642.5, 5500.0], [95645.0, 4880.0], [95647.5, 16270.0], [95655.0, 2260.0]]}}}
{"jsonrpc": "2.0", "method": "subscription", "params": {"channel": "book.BTC-14FEB25.none.20.100ms", "data": {"timestamp": 1739308493269, "change_id": 87767848532, "instrument_name": "BTC-14FEB25", "bids": [[95467.5, 7150.0], [95465.0, 3770.0], [95462.5, 5400.0], [95460.0, 17110.0], [95457.5, 57000.0], [95452.5, 3000.0], [95450.0, 10000.0], [95445.0, 25790.0], [95442.5, 76360.0], [95440.0, 9140.0], [95432.5, 5000.0], [95430.0, 16660.0], [95427.5, 2120.0], [95425.0, 7000.0], [95422.5, 20.0], [95420.0, 1000.0], [95417.5, 3300.0], [95412.5, 2100.0], [95410.0, 20580.0], [95407.5, 45270.0]], "asks": [[95470.0, 9200.0], [95472.5, 2320.0], [95477.5, 2220.0], [95480.0, 9130.0], [95482.5, 13340.0], [95485.0, 61610.0], [95487.5, 50000.0], [95490.0, 7000.0], [95497.5, 5100.0], [95500.0, 17010.0], [95502.5, 20.0], [95507.5, 2100.0], [95510.0, 7000.0], [95517.5, 2120.0], [95520.0, 7010.0], [95522.5, 20.0], [95525.0, 10.0], [95527.5, 20240.0], [95530.0, 68080.0], [95532.5, 2000.0]]}}}
{"jsonrpc": "2.0", "method": "subscription", "params": {"channel": "book.BTC-21FEB25.none.20.100ms", "data": {"timestamp": 1739308493134, "change_id": 87767848220, "instrument_name": "BTC-21FEB25", "bids": [[95580.0, 20.0], [95577.5, 600.0], [95575.0, 18020.0], [95572.5, 51400.0], [95570.0, 5000.0], [95567.5, 10000.0], [95565.0, 7970.0], [95562.5, 16250.0], [95560.0, 7520.0], [95557.5, 130.0], [95550.0, 1650.0], [95547.5, 5500.0], [95542.5, 30.0], [95537.5, 1650.0], [95535.0, 5500.0], [95530.0, 20.0], [95527.5, 1650.0], [95525.0, 5500.0], [95522.5, 20.0], [95510.0, 1650.0]], "asks": [[95582.5, 2660.0], [95592.5, 540.0], [95595.0, 24290.0], [95597.5, 28060.0], [95600.0, 53650.0], [95602.5, 5500.0], [95610.0, 1650.0], [95612.5, 5510.0], [95617.5, 10020.0], [95620.0, 1660.0], [95622.5, 5500.0], [95625.0, 20.0], [95630.0, 6140.0], [95632.5, 5500.0], [95635.0, 14950.0], [95637.5, 20.0], [95640.0, 1660.0], [95642.5, 5500.0], [95645.0, 4880.0], [95647.5, 16270.0]]}}}
{"jsonrpc": "2.0", "method": "subscription", "params": {"channel": "book.BTC-14FEB25.none.20.100ms", "data": {"timestamp": 1739308493693, "change_id": 87767848670, "instrument_name": "BTC-14FEB25", "bids": [[95467.5, 7150.0], [95465.0, 1640.0], [95462.5, 5400.0], [95460.0, 19240.0], [95457.5, 57000.0], [95452.5, 3000.0], [95450.0, 10000.0], [95445.0, 140.0], [95442.5, 10.0], [95440.0, 9140.0], [95432.5, 5000.0], [95430.0, 16660.0], [95427.5, 2120.0], [95425.0, 7000.0], [95422.5, 20.0], [95420.0, 1000.0], [95417.5, 3300.0], [95412.5, 2100.0], [95410.0, 20580.0], [95407.5, 45270.0]], "asks": [[95470.0, 9200.0], [95472.5, 2320.0], [95477.5, 760.0], [95480.0, 2130.0], [95482.5, 13340.0], [95485.0, 61610.0], [95487.5, 50000.0], [95490.0, 7000.0], [95497.5, 5100.0], [95500.0, 17010.0], [95502.5, 20.0], [95507.5, 2100.0], [95510.0, 7000.0], [95517.5, 2120.0], [95520.0, 7010.0], [95522.5, 20.0], [95525.0, 10.0], [95527.5, 20240.0], [95530.0, 68080.0], [95532.5, 2000.0]]}}}
{"jsonrpc": "2.0", "method": "subscription", "params": {"channel": "book.BTC-14FEB25.none.20.100ms", "data": {"timestamp": 1739308494396, "change_id": 87767849552, "instrument_name": "BTC-14FEB25", "bids": [[95467.5, 7150.0], [95465.0, 1640.0], [95462.5, 5400.0], [95460.0, 19240.0], [95457.5, 57000.0], [95452.5, 3000.0], [95450.0, 10000.0], [95445.0, 140.0], [95442.5, 2750.0], [95440.0, 9140.0], [95432.5, 5000.0], [95430.0, 16660.0], [95427.5, 2120.0], [95425.0, 7000.0], [95422.5, 20.0], [95420.0, 1000.0], [95417.5, 3300.0], [95412.5, 2100.0], [95410.0, 20580.0], [95407.5, 45270.0]], "asks": [[95470.0, 9200.0], [95472.5, 2320.0], [95477.5, 760.0], [95480.0, 2130.0], [95482.5, 13340.0], [95485.0, 61610.0], [95487.5, 50000.0], [95490.0, 7000.0], [95497.5, 5100.0], [95500.0, 17010.0], [95502.5, 20.0], [95507.5, 2100.0], [95510.0, 7000.0], [95517.5, 2120.0], [95520.0, 7010.0], [95522.5, 20.0], [95525.0, 10.0], [95527.5, 20240.0], [95530.0, 68080.0], [95532.5, 2000.0]]}}}
{"jsonrpc": "2.0", "method": "subscription", "params": {"channel": "book.BTC-14FEB25.none.20.100ms", "data": {"timestamp": 1739308494556, "change_id": 87767849588, "instrument_name": "BTC-14FEB25", "bids": [[95467.5, 12350.0], [95465.0, 1640.0], [95462.5, 5400.0], [95460.0, 19240.0], [95457.5, 57000.0], [95452.5, 3000.0], [95450.0, 10000.0], [95445.0, 140.0], [95442.5, 2750.0], [95440.0, 9140.0], [95432.5, 5000.0], [95430.0, 16660.0], [95427.5, 2120.0], [95425.0, 7000.0], [95422.5, 20.0], [95420.0, 1000.0], [95417.5, 3300.0], [95412.5, 2100.0], [95410.0, 20580.0], [95407.5, 45270.0]], "asks": [[95470.0, 10920.0], [95472.5, 2320.0], [95477.5, 760.0], [95480.0, 2130.0], [95482.5, 13340.0], [95485.0, 61610.0], [95487.5, 50000.0], [95490.0, 7000.0], [95497.5, 5100.0], [95500.0, 17010.0], [95502.5, 20.0], [95507.5, 2100.0], [95510.0, 7000.0], [95517.5, 2120.0], [95520.0, 7010.0], [95522.5, 20.0], [95525.0, 10.0], [95527.5, 20240.0], [95530.0, 68080.0], [95532.5, 2000.0]]}}}
{"jsonrpc": "2.0", "method": "subscription", "params": {"channel": "book.BTC-21FEB25.none.20.100ms", "data": {"timestamp": 1739308496008, "change_id": 87767850824, "instrument_name": "BTC-21FEB25", "bids": [[95580.0, 20.0], [95577.5, 600.0], [95575.0, 18020.0], [95572.5, 51400.0], [95570.0, 5000.0], [95567.5, 10000.0], [95565.0, 7970.0], [95562.5, 16250.0], [95560.0, 7520.0], [95557.5, 130.0], [95550.0, 1650.0], [95547.5, 5500.0], [95542.5, 30.0], [95537.5, 1650.0], [95535.0, 5500.0], [95530.0, 20.0], [95527.5, 1650.0], [95525.0, 5500.0], [95522.5, 20.0], [95510.0, 1650.0]], "asks": [[95582.5, 2660.0], [95592.5, 540.0], [95595.0, 24290.0], [95597.5, 28060.0], [95600.0, 53650.0], [95602.5, 5500.0], [95610.0, 1650.0], [95612.5, 5510.0], [95615.0, 3010.0], [95617.5, 10020.0], [95620.0, 1660.0], [95622.5, 5500.0], [95625.0, 20.0], [95630.0, 6140.0], [95632.5, 5500.0], [95635.0, 14950.0], [95637.5, 20.0], [95640.0, 1660.0], [95642.5, 5500.0], [95655.0, 2260.0]]}}}
{"jsonrpc": "2.0", "method": "subscription", "params": {"channel": "book.BTC-14FEB25.none.20.100ms", "data": {"timestamp": 1739308496480, "change_id": 87767851323, "instrument_name": "BTC-14FEB25", "bids": [[95467.5, 12350.0], [95465.0, 1640.0], [95462.5, 5400.0], [95460.0, 19240.0], [95457.5, 57000.0], [95452.5, 3000.0], [95450.0, 10000.0], [95445.0, 25790.0], [95442.5, 76360.0], [95440.0, 9140.0], [95432.5, 5000.0], [95430.0, 16660.0], [95427.5, 2120.0], [95425.0, 7000.0], [95422.5, 20.0], [95420.0, 1000.0], [95417.5, 3300.0], [95412.5, 2100.0], [95410.0, 20580.0], [95407.5, 45270.0]], "asks": [[95470.0, 10920.0], [95472.5, 2320.0], [95477.5, 120.0], [95482.5, 13340.0], [95485.0, 61610.0], [95487.5, 50000.0], [95490.0, 7000.0], [95497.5, 5100.0], [95500.0, 19140.0], [95502.5, 20.0], [95507.5, 2100.0], [95510.0, 7000.0], [95517.5, 2120.0], [95520.0, 7010.0], [95522.5, 20.0], [95525.0, 10.0], [95527.5, 20240.0], [95530.0, 68080.0], [95532.5, 2000.0], [95537.5, 2100.0]]}}}
{"jsonrpc": "2.0", "method": "subscription", "params": {"channel": "book.BTC-14FEB25.none.20.100ms", "data": {"timestamp": 1739308497850, "change_id": 87767852574, "instrument_name": "BTC-14FEB25", "bids": [[95467.5, 12350.0], [95465.0, 1640.0], [95462.5, 5400.0], [95460.0, 19240.0], [95457.5, 57000.0], [95452.5, 3000.0], [95450.0, 10000.0], [95445.0, 25790.0], [95442.5, 76360.0], [95440.0, 9140.0], [95432.5, 5000.0], [95430.0, 16660.0], [95427.5, 2120.0], [95425.0, 7000.0], [95422.5, 20.0], [95420.0, 1000.0], [95417.5, 3300.0], [95412.5, 2100.0], [95410.0, 20580.0], [95407.5, 45270.0]], "asks": [[95470.0, 10920.0], [95472.5, 2320.0], [95477.5, 120.0], [95482.5, 13340.0], [95485.0, 61610.0], [95487.5, 50000.0], [95490.0, 7000.0], [95497.5, 5100.0], [95500.0, 19140.0], [95502.5, 20.0], [95507.5, 2100.0], [95510.0, 7000.0], [95517.5, 2120.0], [95520.0, 7010.0], [95522.5, 20.0], [95525.0, 10.0], [95527.5, 20240.0], [95530.0, 68080.0], [95532.5, 2000.0], [95537.5, 2100.0]]}}}
{"jsonrpc": "2.0", "method": "subscription", "params": {"channel": "book.BTC-14FEB25.none.20.100ms", "data": {"timestamp": 1739308498118, "change_id": 87767852731, "instrument_name": "BTC-14FEB25", "bids": [[95467.5, 12350.0], [95465.0, 3770.0], [95462.5, 5400.0], [95460.0, 17110.0], [95457.5, 57000.0], [95452.5, 3000.0], [95450.0, 10000.0], [95445.0, 25790.0], [95442.5, 76360.0], [95440.0, 9140.0], [95432.5, 5000.0], [95430.0, 16660.0], [95427.5, 2120.0], [95425.0, 7000.0], [95422.5, 20.0], [95420.0, 1000.0], [95417.5, 3300.0], [95412.5, 2100.0], [95410.0, 20580.0], [95407.5, 45270.0]], "asks": [[95470.0, 10920.0], [95472.5, 2320.0], [95477.5, 120.0], [95482.5, 13340.0], [95485.0, 61610.0], [95487.5, 50000.0], [95490.0, 7000.0], [95497.5, 5100.0], [95500.0, 19140.0], [95502.5, 20.0], [95507.5, 2100.0], [95510.0, 7000.0], [95517.5, 2120.0], [95520.0, 7010.0], [95522.5, 20.0], [95525.0, 10.0], [95527.5, 20240.0], [95530.0, 68080.0], [95532.5, 2000.0], [95537.5, 2100.0]]}}}
{"jsonrpc": "2.0", "method": "subscription", "params": {"channel": "book.BTC-21FEB25.none.20.100ms", "data": {"timestamp": 1739308498420, "change_id": 87767853062, "instrument_name": "BTC-21FEB25", "bids": [[95580.0, 10020.0], [95577.5, 600.0], [95575.0, 18020.0], [95572.5, 51400.0], [95570.0, 2000.0], [95565.0, 7970.0], [95562.5, 16250.0], [95560.0, 7520.0], [95557.5, 130.0], [95550.0, 1650.0], [95547.5, 5500.0], [95542.5, 30.0], [95537.5, 1650.0], [95535.0, 5500.0], [95530.0, 20.0], [95527.5, 1650.0], [95525.0, 5500.0], [95522.5, 20.0], [95510.0, 1650.0], [95507.5, 5500.0]], "asks": [[95582.5, 660.0], [95585.0, 600.0], [95587.5, 2000.0], [95592.5, 540.0], [95595.0, 24290.0], [95597.5, 28060.0], [95600.0, 53650.0], [95602.5, 5500.0], [95610.0, 1650.0], [95612.5, 5510.0], [95615.0, 3010.0], [95617.5, 10020.0], [95620.0, 1660.0], [95622.5, 5500.0], [95625.0, 20.0], [95630.0, 6140.0], [95632.5, 5500.0], [95635.0, 14950.0], [95637.5, 20.0], [95640.0, 1660.0]]}}}
{"jsonrpc": "2.0", "method": "subscription", "params": {"channel": "book.BTC-14FEB25.none.20.100ms", "data": {"timestamp": 1739308498822, "change_id": 87767853465, "instrument_name": "BTC-14FEB25", "bids": [[95467.5, 19350.0], [95465.0, 3770.0], [95462.5, 5400.0], [95460.0, 17110.0], [95457.5, 57000.0], [95452.5, 3000.0], [95450.0, 10000.0], [95445.0, 25790.0], [95442.5, 76360.0], [95440.0, 9140.0], [95432.5, 5000.0], [95430.0, 16660.0], [95427.5, 2120.0], [95425.0, 7000.0], [95422.5, 20.0], [95420.0, 1000.0], [95417.5, 3300.0], [95412.5, 2100.0], [95410.0, 20580.0], [95407.5, 45270.0]], "asks": [[95470.0, 3920.0], [95472.5, 2320.0], [95477.5, 120.0], [95482.5, 13340.0], [95485.0, 46570.0], [95490.0, 7000.0], [95497.5, 5100.0], [95500.0, 19140.0], [95502.5, 20.0], [95507.5, 2100.0], [95510.0, 7000.0], [95517.5, 2120.0], [95520.0, 7010.0], [95522.5, 20.0], [95525.0, 10.0], [95527.5, 20240.0], [95530.0, 68080.0], [95532.5, 2000.0], [95537.5, 2100.0], [95540.0, 7010.0]]}}}
{"jsonrpc": "2.0", "method": "subscription", "params": {"channel": "book.BTC-21FEB25.none.20.100ms", "data": {"timestamp": 1739308498831, "change_id": 87767853468, "instrument_name": "BTC-21FEB25", "bids": [[95580.0, 10020.0], [95577.5, 600.0], [95575.0, 18020.0], [95572.5, 51400.0], [95570.0, 2000.0], [95565.0, 7970.0], [95562.5, 16250.0], [95560.0, 7520.0], [95557.5, 130.0], [95550.0, 1650.0], [95547.5, 5500.0], [95542.5, 30.0], [95537.5, 1650.0], [95535.0, 5500.0], [95530.0, 20.0], [95527.5, 1650.0], [95525.0, 5500.0], [95522.5, 20.0], [95510.0, 1650.0], [95507.5, 5500.0]], "asks": [[95582.5, 660.0], [95585.0, 600.0], [95587.5, 2000.0], [95592.5, 540.0], [95595.0, 10420.0], [95597.5, 28060.0], [95600.0, 2000.0], [95610.0, 1650.0], [95612.5, 5510.0], [95615.0, 3010.0], [95617.5, 10020.0], [95620.0, 1660.0], [95622.5, 5500.0], [95625.0, 20.0], [95630.0, 6140.0], [95632.5, 5500.0], [95635.0, 14950.0], [95637.5, 20.0], [95640.0, 1660.0], [95642.5, 5500.0]]}}}
{"jsonrpc": "2.0", "method": "subscription", "params": {"channel": "book.BTC-14FEB25.none.20.100ms", "data": {"timestamp": 1739308499189, "change_id": 87767853837, "instrument_name": "BTC-14FEB25", "bids": [[95467.5, 12350.0], [95465.0, 3770.0], [95462.5, 5400.0], [95460.0, 17110.0], [95457.5, 57000.0], [95452.5, 3000.0], [95450.0, 10000.0], [95445.0, 25790.0], [95442.5, 76360.0], [95440.0, 9140.0], [95432.5, 5000.0], [95430.0, 16660.0], [95427.5, 2120.0], [95425.0, 7000.0], [95422.5, 20.0], [95420.0, 1000.0], [95417.5, 3300.0], [95412.5, 2100.0], [95410.0, 20580.0], [95407.5, 45270.0]], "asks": [[95470.0, 10920.0], [95472.5, 2320.0], [95477.5, 120.0], [95480.0, 28340.0], [95482.5, 50000.0], [95485.0, 46570.0], [95490.0, 7000.0], [95497.5, 5100.0], [95500.0, 19140.0], [95502.5, 20.0], [95507.5, 2100.0], [95510.0, 7000.0], [95517.5, 2120.0], [95520.0, 7010.0], [95522.5, 20.0], [95525.0, 10.0], [95527.5, 20240.0], [95530.0, 68080.0], [95532.5, 2000.0], [95537.5, 2100.0]]}}}
{"jsonrpc": "2.0", "method": "subscription", "params": {"channel": "book.BTC-21FEB25.none.20.100ms", "data": {"timestamp": 1739308498896, "change_id": 87767853499, "instrument_name": "BTC-21FEB25", "bids": [[95580.0, 10020.0], [95577.5, 600.0], [95575.0, 18020.0], [95572.5, 51400.0], [95570.0, 2000.0], [95565.0, 7970.0], [95562.5, 16250.0], [95560.0, 7520.0], [95557.5, 130.0], [95550.0, 1650.0], [95547.5, 5500.0], [95542.5, 30.0], [95537.5, 1650.0], [95535.0, 5500.0], [95530.0, 20.0], [95527.5, 1650.0], [95525.0, 5500.0], [95522.5, 20.0], [95510.0, 1650.0], [95507.5, 5500.0]], "asks": [[95582.5, 660.0], [95585.0, 600.0], [95587.5, 2000.0], [95592.5, 540.0], [95595.0, 10420.0], [95597.5, 28060.0], [95600.0, 2000.0], [95607.5, 15000.0], [95610.0, 51650.0], [95612.5, 5510.0], [95615.0, 3010.0], [95617.5, 10020.0], [95620.0, 1660.0], [95622.5, 5500.0], [95625.0, 20.0], [95630.0, 6140.0], [95632.5, 5500.0], [95635.0, 14950.0], [95637.5, 20.0], [95640.0, 1660.0]]}}}
{"jsonrpc": "2.0", "method": "subscription", "params": {"channel": "book.BTC-21FEB25.none.20.100ms", "data": {"timestamp": 1739308499461, "change_id": 87767854016, "instrument_name": "BTC-21FEB25", "bids": [[95580.0, 10020.0], [95577.5, 600.0], [95575.0, 18020.0], [95572.5, 51400.0], [95570.0, 2000.0], [95565.0, 7970.0], [95562.5, 16250.0], [95560.0, 7520.0], [95557.5, 130.0], [95550.0, 1650.0], [95547.5, 5500.0], [95542.5, 30.0], [95537.5, 1650.0], [95535.0, 5500.0], [95530.0, 20.0], [95527.5, 1650.0], [95525.0, 5500.0], [95522.5, 20.0], [95510.0, 1650.0], [95507.5, 5500.0]], "asks": [[95582.5, 660.0], [95585.0, 600.0], [95587.5, 2000.0], [95592.5, 540.0], [95595.0, 24290.0], [95597.5, 28060.0], [95600.0, 53650.0], [95602.5, 5500.0], [95610.0, 1650.0], [95612.5, 5510.0], [95615.0, 3010.0], [95617.5, 10020.0], [95620.0, 1660.0], [95622.5, 5500.0], [95625.0, 20.0], [95630.0, 6140.0], [95632.5, 5500.0], [95635.0, 14950.0], [95637.5, 20.0], [95640.0, 1660.0]]}}}
{"jsonrpc": "2.0", "method": "subscription", "params": {"channel": "book.BTC-14FEB25.none.20.100ms", "data": {"timestamp": 1739308499374, "change_id": 87767853975, "instrument_name": "BTC-14FEB25", "bids": [[95467.5, 12350.0], [95465.0, 3770.0], [95462.5, 5400.0], [95460.0, 17110.0], [95457.5, 57000.0], [95452.5, 3000.0], [95450.0, 10000.0], [95445.0, 25790.0], [95442.5, 76360.0], [95440.0, 9140.0], [95432.5, 5000.0], [95430.0, 16660.0], [95427.5, 2120.0], [95425.0, 7000.0], [95422.5, 20.0], [95420.0, 1000.0], [95417.5, 3300.0], [95412.5, 2100.0], [95410.0, 20580.0], [95407.5, 45270.0]], "asks": [[95470.0, 11060.0], [95472.5, 2320.0], [95477.5, 120.0], [95480.0, 28340.0], [95482.5, 50000.0], [95485.0, 46570.0], [95490.0, 7000.0], [95497.5, 5100.0], [95500.0, 19140.0], [95502.5, 20.0], [95507.5, 2100.0], [95510.0, 7000.0], [95517.5, 2120.0], [95520.0, 7010.0], [95522.5, 20.0], [95525.0, 10.0], [95527.5, 20240.0], [95530.0, 68080.0], [95532.5, 2000.0], [95537.5, 2100.0]]}}}
{"jsonrpc": "2.0", "method": "subscription", "params": {"channel": "book.BTC-21FEB25.none.20.100ms", "data": {"timestamp": 1739308499751, "change_id": 87767854427, "instrument_name": "BTC-21FEB25", "bids": [[95580.0, 10020.0], [95577.5, 600.0], [95575.0, 18020.0], [95572.5, 51400.0], [95570.0, 7500.0], [95565.0, 7970.0], [95562.5, 16250.0], [95560.0, 7520.0], [95557.5, 130.0], [95550.0, 1650.0], [95547.5, 5500.0], [95542.5, 30.0], [95537.5, 1650.0], [95535.0, 5500.0], [95530.0, 20.0], [95527.5, 1650.0], [95525.0, 5500.0], [95522.5, 20.0], [95510.0, 1650.0], [95507.5, 5500.0]], "asks": [[95582.5, 660.0], [95585.0, 600.0], [95587.5, 2000.0], [95592.5, 540.0], [95595.0, 24290.0], [95597.5, 28060.0], [95600.0, 53650.0], [95610.0, 1650.0], [95612.5, 5510.0], [95615.0, 3010.0], [95617.5, 10020.0], [95620.0, 1660.0], [95622.5, 5500.0], [95625.0, 20.0], [95630.0, 6140.0], [95632.5, 5500.0], [95635.0, 14950.0], [95637.5, 20.0], [95640.0, 1660.0], [95642.5, 5500.0]]}}}
{"jsonrpc": "2.0", "method": "subscription", "params": {"channel": "book.BTC-14FEB25.none.20.100ms", "data": {"timestamp": 1739308499731, "change_id": 87767854332, "instrument_name": "BTC-14FEB25", "bids": [[95467.5, 19350.0], [95465.0, 3770.0], [95462.5, 5400.0], [95460.0, 17110.0], [95457.5, 57000.0], [95452.5, 3000.0], [95450.0, 10000.0], [95445.0, 25790.0], [95442.5, 76360.0], [95440.0, 9140.0], [95432.5, 5000.0], [95430.0, 16660.0], [95427.5, 2120.0], [95425.0, 7000.0], [95422.5, 20.0], [95420.0, 1000.0], [95417.5, 3300.0], [95412.5, 2100.0], [95410.0, 20580.0], [95407.5, 45270.0]], "asks": [[95470.0, 4060.0], [95472.5, 2320.0], [95477.5, 120.0], [95480.0, 28340.0], [95482.5, 50000.0], [95485.0, 46570.0], [95490.0, 7000.0], [95497.5, 5100.0], [95500.0, 19140.0], [95502.5, 20.0], [95507.5, 2100.0], [95510.0, 7000.0], [95517.5, 2120.0], [95520.0, 7010.0], [95522.5, 20.0], [95525.0, 10.0], [95527.5, 20240.0], [95530.0, 68080.0], [95532.5, 2000.0], [95537.5, 2100.0]]}}}
{"jsonrpc": "2.0", "method": "subscription", "params": {"channel": "book.BTC-21FEB25.none.20.100ms", "data": {"timestamp": 1739308500017, "change_id": 87767854528, "instrument_name": "BTC-21FEB25", "bids": [[95580.0, 10020.0], [95577.5, 600.0], [95575.0, 18020.0], [95572.5, 51400.0], [95570.0, 2000.0], [95565.0, 7970.0], [95562.5, 16250.0], [95560.0, 7520.0], [95557.5, 130.0], [95550.0, 1650.0], [95547.5, 5500.0], [95542.5, 30.0], [95537.5, 1650.0], [95535.0, 5500.0], [95530.0, 20.0], [95527.5, 1650.0], [95525.0, 5500.0], [95522.5, 20.0], [95510.0, 1650.0], [95507.5, 5500.0]], "asks": [[95582.5, 660.0], [95585.0, 600.0], [95587.5, 2000.0], [95592.5, 540.0], [95595.0, 24290.0], [95597.5, 28060.0], [95600.0, 53650.0], [95610.0, 1650.0], [95612.5, 5510.0], [95615.0, 3010.0], [95617.5, 10020.0], [95620.0, 1660.0], [95622.5, 5500.0], [95625.0, 20.0], [95630.0, 6140.0], [95632.5, 5500.0], [95635.0, 14950.0], [95637.5, 20.0], [95640.0, 1660.0], [95642.5, 5500.0]]}}}
{"jsonrpc": "2.0", "method": "subscription", "params": {"channel": "book.BTC-14FEB25.none.20.100ms", "data": {"timestamp": 1739308500089, "change_id": 87767854679, "instrument_name": "BTC-14FEB25", "bids": [[95467.5, 19350.0], [95465.0, 3770.0], [95462.5, 5400.0], [95460.0, 17110.0], [95457.5, 57000.0], [95452.5, 3000.0], [95450.0, 10000.0], [95445.0, 25790.0], [95442.5, 76360.0], [95440.0, 9140.0], [95432.5, 5000.0], [95430.0, 16660.0], [95427.5, 2120.0], [95425.0, 7000.0], [95422.5, 20.0], [95420.0, 1000.0], [95417.5, 3300.0], [95412.5, 2100.0], [95410.0, 20580.0], [95407.5, 45270.0]], "asks": [[95470.0, 4060.0], [95472.5, 2320.0], [95477.5, 120.0], [95480.0, 28340.0], [95482.5, 50000.0], [95485.0, 46570.0], [95490.0, 7000.0], [95497.5, 5100.0], [95500.0, 19140.0], [95502.5, 20.0], [95507.5, 2100.0], [95510.0, 7000.0], [95517.5, 2120.0], [95520.0, 7010.0], [95522.5, 20.0], [95525.0, 10.0], [95527.5, 20240.0], [95530.0, 68080.0], [95532.5, 2000.0], [95537.5, 2100.0]]}}}
{"jsonrpc": "2.0", "method": "subscription", "params": {"channel": "book.BTC-14FEB25.none.20.100ms", "data": {"timestamp": 1739308500489, "change_id": 87767855004, "instrument_name": "BTC-14FEB25", "bids": [[95467.5, 12350.0], [95465.0, 3770.0], [95462.5, 5400.0], [95460.0, 17110.0], [95457.5, 57000.0], [95452.5, 3000.0], [95450.0, 10000.0], [95445.0, 25790.0], [95442.5, 76360.0], [95440.0, 9140.0], [95432.5, 5000.0], [95430.0, 16660.0], [95427.5, 2120.0], [95425.0, 7000.0], [95422.5, 20.0], [95420.0, 1000.0], [95417.5, 3300.0], [95412.5, 2100.0], [95410.0, 20580.0], [95407.5, 45270.0]], "asks": [[95470.0, 16460.0], [95472.5, 2320.0], [95475.0, 1660.0], [95477.5, 5520.0], [95480.0, 28340.0], [95482.5, 50000.0], [95485.0, 46570.0], [95490.0, 7000.0], [95497.5, 5100.0], [95500.0, 19140.0], [95502.5, 20.0], [95507.5, 2100.0], [95510.0, 7000.0], [95517.5, 2120.0], [95520.0, 7010.0], [95522.5, 20.0], [95525.0, 10.0], [95527.5, 20240.0], [95530.0, 68080.0], [95532.5, 2000.0]]}}}
{"jsonrpc": "2.0", "method": "subscription", "params": {"channel": "book.BTC-21FEB25.none.20.100ms", "data": {"timestamp": 1739308500802, "change_id": 87767855496, "instrument_name": "BTC-21FEB25", "bids": [[95580.0, 20.0], [95575.0, 18020.0], [95572.5, 51400.0], [95570.0, 5000.0], [95567.5, 10000.0], [95565.0, 610.0], [95560.0, 2020.0], [95557.5, 130.0], [95550.0, 1650.0], [95547.5, 5500.0], [95542.5, 30.0], [95537.5, 1650.0], [95535.0, 5500.0], [95530.0, 20.0], [95527.5, 6170.0], [95525.0, 21250.0], [95522.5, 20.0], [95510.0, 1650.0], [95507.5, 5500.0], [95502.5, 20.0]], "asks": [[95582.5, 2660.0], [95590.0, 2110.0], [95592.5, 5620.0], [95595.0, 24290.0], [95597.5, 28060.0], [95600.0, 53650.0], [95602.5, 5500.0], [95610.0, 1650.0], [95612.5, 5510.0], [95615.0, 3010.0], [95617.5, 10020.0], [95620.0, 1660.0], [95622.5, 5500.0], [95625.0, 20.0], [95630.0, 6140.0], [95632.5, 5500.0], [95635.0, 14950.0], [95637.5, 20.0], [95640.0, 1660.0], [95642.5, 5500.0]]}}}
{"jsonrpc": "2.0", "method": "subscription", "params": {"channel": "book.BTC-14FEB25.none.20.100ms", "data": {"timestamp": 1739308500835, "change_id": 87767855536, "instrument_name": "BTC-14FEB25", "bids": [[95467.5, 7150.0], [95465.0, 1640.0], [95462.5, 5400.0], [95460.0, 19240.0], [95457.5, 50000.0], [95452.5, 3000.0], [95450.0, 10000.0], [95445.0, 25790.0], [95442.5, 76360.0], [95440.0, 9140.0], [95432.5, 5000.0], [95430.0, 16660.0], [95427.5, 2120.0], [95425.0, 7000.0], [95422.5, 20.0], [95420.0, 1000.0], [95417.5, 3300.0], [95412.5, 2100.0], [95410.0, 20580.0], [95407.5, 45270.0]], "asks": [[95470.0, 16460.0], [95472.5, 2320.0], [95475.0, 3550.0], [95477.5, 5520.0], [95480.0, 37470.0], [95482.5, 50000.0], [95485.0, 46570.0], [95490.0, 7000.0], [95497.5, 5100.0], [95500.0, 17010.0], [95502.5, 20.0], [95507.5, 2100.0], [95510.0, 7000.0], [95517.5, 2120.0], [95520.0, 7010.0], [95522.5, 20.0], [95525.0, 10.0], [95527.5, 20240.0], [95530.0, 68080.0], [95532.5, 2000.0]]}}}
{"jsonrpc": "2.0", "method": "subscription", "params": {"channel": "book.BTC-21FEB25.none.20.100ms", "data": {"timestamp": 1739308501174, "change_id": 87767855915, "instrument_name": "BTC-21FEB25", "bids": [[95580.0, 20.0], [95575.0, 18020.0], [95572.5, 51400.0], [95570.0, 5000.0], [95567.5, 10000.0], [95565.0, 2180.0], [95560.0, 7520.0], [95557.5, 130.0], [95550.0, 1650.0], [95547.5, 5500.0], [95542.5, 30.0], [95537.5, 1650.0], [95535.0, 5500.0], [95530.0, 20.0], [95527.5, 6170.0], [95525.0, 21250.0], [95522.5, 20.0], [95510.0, 1650.0], [95507.5, 5500.0], [95502.5, 20.0]], "asks": [[95582.5, 2660.0], [95590.0, 460.0], [95592.5, 120.0], [95595.0, 24290.0], [95597.5, 28060.0], [95600.0, 53650.0], [95602.5, 5500.0], [95610.0, 1650.0], [95612.5, 5510.0], [95615.0, 3010.0], [95617.5, 10020.0], [95620.0, 1660.0], [95622.5, 5500.0], [95625.0, 20.0], [95630.0, 6140.0], [95632.5, 5500.0], [95635.0, 14950.0], [95637.5, 20.0], [95640.0, 1660.0], [95642.5, 5500.0]]}}}
{"jsonrpc": "2.0", "method": "subscription", "params": {"channel": "book.BTC-14FEB25.none.20.100ms", "data": {"timestamp": 1739308501476, "change_id": 87767856206, "instrument_name": "BTC-14FEB25", "bids": [[95467.5, 12550.0], [95465.0, 1640.0], [95462.5, 5400.0], [95460.0, 19240.0], [95457.5, 57000.0], [95452.5, 3000.0], [95450.0, 10000.0], [95445.0, 25790.0], [95442.5, 76360.0], [95440.0, 9140.0], [95432.5, 5000.0], [95430.0, 16660.0], [95427.5, 2120.0], [95425.0, 7000.0], [95422.5, 20.0], [95420.0, 1000.0], [95417.5, 3300.0], [95412.5, 2100.0], [95410.0, 20580.0], [95407.5, 45270.0]], "asks": [[95470.0, 16460.0], [95472.5, 2320.0], [95475.0, 1660.0], [95477.5, 5520.0], [95480.0, 30470.0], [95482.5, 50000.0], [95485.0, 46570.0], [95490.0, 7000.0], [95497.5, 5100.0], [95500.0, 17010.0], [95502.5, 20.0], [95507.5, 2100.0], [95510.0, 7000.0], [95517.5, 2120.0], [95520.0, 7010.0], [95522.5, 20.0], [95525.0, 10.0], [95527.5, 20240.0], [95530.0, 68080.0], [95532.5, 2000.0]]}}}
{"jsonrpc": "2.0", "method": "subscription", "params": {"channel": "book.BTC-14FEB25.none.20.100ms", "data": {"timestamp": 1739308501784, "change_id": 87767856581, "instrument_name": "BTC-14FEB25", "bids": [[95467.5, 12550.0], [95465.0, 1640.0], [95462.5, 5400.0], [95460.0, 19240.0], [95457.5, 57000.0], [95452.5, 3000.0], [95450.0, 10000.0], [95445.0, 25790.0], [95442.5, 76360.0], [95440.0, 9140.0], [95432.5, 5000.0], [95430.0, 16660.0], [95427.5, 2120.0], [95425.0, 7000.0], [95422.5, 20.0], [95420.0, 1000.0], [95417.5, 3300.0], [95412.5, 2100.0], [95410.0, 20580.0], [95407.5, 45270.0]], "asks": [[95470.0, 16460.0], [95472.5, 2320.0], [95475.0, 1660.0], [95477.5, 5520.0], [95480.0, 28340.0], [95482.5, 50000.0], [95485.0, 46570.0], [95490.0, 7000.0], [95497.5, 5100.0], [95500.0, 19140.0], [95502.5, 20.0], [95507.5, 2100.0], [95510.0, 7000.0], [95517.5, 2120.0], [95520.0, 7010.0], [95522.5, 20.0], [95525.0, 10.0], [95527.5, 20240.0], [95530.0, 68080.0], [95532.5, 2000.0]]}}}
{"jsonrpc": "2.0", "method": "subscription", "params": {"channel": "book.BTC-14FEB25.none.20.100ms", "data": {"timestamp": 1739308502467, "change_id": 87767857326, "instrument_name": "BTC-14FEB25", "bids": [[95467.5, 7150.0], [95465.0, 2200.0], [95462.5, 5400.0], [95460.0, 19240.0], [95457.5, 50000.0], [95452.5, 3000.0], [95450.0, 10000.0], [95445.0, 25790.0], [95442.5, 76360.0], [95440.0, 9140.0], [95432.5, 15260.0], [95430.0, 2000.0], [95427.5, 2120.0], [95425.0, 7000.0], [95422.5, 20.0], [95420.0, 1000.0], [95417.5, 3300.0], [95412.5, 2100.0], [95410.0, 52250.0], [95407.5, 20.0]], "asks": [[95470.0, 16460.0], [95472.5, 2320.0], [95475.0, 3550.0], [95477.5, 5520.0], [95480.0, 37470.0], [95482.5, 50000.0], [95485.0, 46570.0], [95490.0, 7000.0], [95497.5, 5100.0], [95500.0, 17010.0], [95502.5, 20.0], [95507.5, 2100.0], [95510.0, 7000.0], [95517.5, 2120.0], [95520.0, 7010.0], [95522.5, 20.0], [95525.0, 10.0], [95527.5, 20240.0], [95530.0, 68080.0], [95532.5, 2000.0]]}}}
{"jsonrpc": "2.0", "method": "subscription", "params": {"channel": "book.BTC-21FEB25.none.20.100ms", "data": {"timestamp": 1739308502451, "change_id": 87767857318, "instrument_name": "BTC-21FEB25", "bids": [[95580.0, 20.0], [95572.5, 51400.0], [95570.0, 7000.0], [95567.5, 10000.0], [95565.0, 610.0], [95560.0, 2020.0], [95557.5, 130.0], [95550.0, 1650.0], [95547.5, 5500.0], [95542.5, 30.0], [95537.5, 1650.0], [95535.0, 5500.0], [95530.0, 20.0], [95527.5, 1650.0], [95525.0, 5500.0], [95522.5, 20.0], [95517.5, 4700.0], [95515.0, 15650.0], [95510.0, 1650.0], [95507.5, 5500.0]], "asks": [[95582.5, 2660.0], [95590.0, 2050.0], [95592.5, 5620.0], [95595.0, 24290.0], [95597.5, 28060.0], [95600.0, 53650.0], [95602.5, 5500.0], [95610.0, 1650.0], [95612.5, 5510.0], [95615.0, 3010.0], [95617.5, 10020.0], [95620.0, 1660.0], [95622.5, 5500.0], [95625.0, 20.0], [95630.0, 6140.0], [95632.5, 5500.0], [95635.0, 14950.0], [95637.5, 20.0], [95640.0, 1660.0], [95642.5, 5500.0]]}}}
{"jsonrpc": "2.0", "method": "subscription", "params": {"channel": "book.BTC-14FEB25.none.20.100ms", "data": {"timestamp": 1739308502985, "change_id": 87767857860, "instrument_name": "BTC-14FEB25", "bids": [[95467.5, 7150.0], [95465.0, 2200.0], [95462.5, 5400.0], [95460.0, 19240.0], [95457.5, 57000.0], [95452.5, 3000.0], [95450.0, 10000.0], [95445.0, 25790.0], [95442.5, 76360.0], [95440.0, 9140.0], [95432.5, 15260.0], [95430.0, 2000.0], [95427.5, 2120.0], [95425.0, 7000.0], [95422.5, 20.0], [95420.0, 1000.0], [95417.5, 3300.0], [95412.5, 2100.0], [95410.0, 52250.0], [95407.5, 20.0]], "asks": [[95470.0, 16460.0], [95472.5, 2320.0], [95475.0, 1660.0], [95477.5, 5520.0], [95480.0, 30470.0], [95482.5, 50000.0], [95485.0, 46570.0], [95490.0, 7000.0], [95497.5, 5100.0], [95500.0, 17010.0], [95502.5, 20.0], [95507.5, 2100.0], [95510.0, 7000.0], [95517.5, 2120.0], [95520.0, 7010.0], [95522.5, 20.0], [95525.0, 10.0], [95527.5, 20240.0], [95530.0, 68080.0], [95532.5, 2000.0]]}}}
{"jsonrpc": "2.0", "method": "subscription", "params": {"channel": "book.BTC-21FEB25.none.20.100ms", "data": {"timestamp": 1739308503065, "change_id": 87767857986, "instrument_name": "BTC-21FEB25", "bids": [[95580.0, 20.0], [95575.0, 16620.0], [95572.5, 51400.0], [95570.0, 7000.0], [95567.5, 10000.0], [95565.0, 6770.0], [95562.5, 15710.0], [95560.0, 7520.0], [95557.5, 130.0], [95550.0, 1650.0], [95547.5, 5500.0], [95542.5, 30.0], [95535.0, 5500.0], [95530.0, 20.0], [95527.5, 1650.0], [95525.0, 5500.0], [95522.5, 20.0], [95510.0, 1650.0], [95507.5, 5500.0], [95502.5, 20.0]], "asks": [[95582.5, 2660.0], [95590.0, 460.0], [95592.5, 120.0], [95595.0, 24290.0], [95597.5, 28060.0], [95600.0, 53650.0], [95602.5, 5500.0], [95610.0, 1650.0], [95612.5, 5510.0], [95615.0, 3010.0], [95617.5, 10020.0], [95620.0, 1660.0], [95622.5, 5500.0], [95625.0, 20.0], [95630.0, 6140.0], [95632.5, 5500.0], [95635.0, 14950.0], [95637.5, 20.0], [95640.0, 1660.0], [95642.5, 5500.0]]}}}
{"jsonrpc": "2.0", "method": "subscription", "params": {"channel": "book.BTC-14FEB25.none.20.100ms", "data": {"timestamp": 1739308503490, "change_id": 87767858970, "instrument_name": "BTC-14FEB25", "bids": [[95467.5, 7150.0], [95465.0, 20.0], [95460.0, 2190.0], [95457.5, 5400.0], [95455.0, 2130.0], [95452.5, 3000.0], [95450.0, 10000.0], [95445.0, 25790.0], [95442.5, 76360.0], [95440.0, 9140.0], [95435.0, 5000.0], [95432.5, 14660.0], [95430.0, 2000.0], [95427.5, 2120.0], [95425.0, 7000.0], [95422.5, 20.0], [95420.0, 1000.0], [95417.5, 3300.0], [95412.5, 2100.0], [95410.0, 52250.0]], "asks": [[95470.0, 23460.0], [95472.5, 2320.0], [95475.0, 4190.0], [95477.5, 5520.0], [95480.0, 37470.0], [95482.5, 50000.0], [95485.0, 46570.0], [95490.0, 17000.0], [95497.5, 5100.0], [95500.0, 7010.0], [95502.5, 20.0], [95507.5, 2100.0], [95510.0, 7000.0], [95517.5, 2120.0], [95520.0, 7010.0], [95522.5, 20.0], [95525.0, 10.0], [95527.5, 20240.0], [95530.0, 68080.0], [95532.5, 2000.0]]}}}
{"jsonrpc": "2.0", "method": "subscription", "params": {"channel": "book.BTC-21FEB25.none.20.100ms", "data": {"timestamp": 1739308503489, "change_id": 87767858966, "instrument_name": "BTC-21FEB25", "bids": [[95580.0, 20.0], [95570.0, 5000.0], [95567.5, 10000.0], [95565.0, 2000.0], [95560.0, 20.0], [95557.5, 130.0], [95550.0, 1650.0], [95547.5, 5500.0], [95542.5, 30.0], [95540.0, 2000.0], [95535.0, 5500.0], [95530.0, 20.0], [95527.5, 1650.0], [95525.0, 21440.0], [95522.5, 20.0], [95510.0, 1650.0], [95507.5, 5500.0], [95502.5, 20.0], [95497.5, 1650.0], [95495.0, 6100.0]], "asks": [[95582.5, 2660.0], [95590.0, 2050.0], [95592.5, 5620.0], [95595.0, 24290.0], [95597.5, 28060.0], [95600.0, 53650.0], [95602.5, 5500.0], [95610.0, 1650.0], [95612.5, 5510.0], [95615.0, 3010.0], [95617.5, 10020.0], [95620.0, 1660.0], [95622.5, 5500.0], [95625.0, 20.0], [95630.0, 6140.0], [95632.5, 5500.0], [95635.0, 14950.0], [95637.5, 20.0], [95640.0, 1660.0], [95642.5, 5500.0]]}}}
{"jsonrpc": "2.0", "method": "subscription", "params": {"channel": "book.BTC-21FEB25.none.20.100ms", "data": {"timestamp": 1739308503621, "change_id": 87767859165, "instrument_name": "BTC-21FEB25", "bids": [[95580.0, 20.0], [95570.0, 2000.0], [95567.5, 10000.0], [95565.0, 2000.0], [95560.0, 20.0], [95557.5, 130.0], [95550.0, 1650.0], [95547.5, 5500.0], [95542.5, 30.0], [95540.0, 2000.0], [95535.0, 5500.0], [95530.0, 20.0], [95527.5, 1650.0], [95525.0, 21440.0], [95522.5, 20.0], [95510.0, 1650.0], [95507.5, 5500.0], [95502.5, 20.0], [95497.5, 1650.0], [95495.0, 6100.0]], "asks": [[95582.5, 2660.0], [95590.0, 2050.0], [95592.5, 5620.0], [95595.0, 24290.0], [95597.5, 28060.0], [95600.0, 53650.0], [95602.5, 5500.0], [95605.0, 3000.0], [95607.5, 10000.0], [95610.0, 1650.0], [95612.5, 5510.0], [95617.5, 20.0], [95620.0, 1660.0], [95622.5, 5500.0], [95625.0, 20.0], [95630.0, 6140.0], [95632.5, 5500.0], [95635.0, 14950.0], [95637.5, 20.0], [95640.0, 1660.0]]}}}
{"jsonrpc": "2.0", "method": "subscription", "params": {"channel": "book.BTC-14FEB25.none.20.100ms", "data": {"timestamp": 1739308503671, "change_id": 87767859190, "instrument_name": "BTC-14FEB25", "bids": [[95467.5, 7150.0], [95465.0, 20.0], [95460.0, 2190.0], [95457.5, 5400.0], [95455.0, 2130.0], [95452.5, 3000.0], [95450.0, 10000.0], [95445.0, 25670.0], [95442.5, 76360.0], [95440.0, 9140.0], [95435.0, 5000.0], [95432.5, 14780.0], [95430.0, 2000.0], [95427.5, 2120.0], [95425.0, 7000.0], [95422.5, 20.0], [95420.0, 1000.0], [95417.5, 3300.0], [95412.5, 2100.0], [95410.0, 52250.0]], "asks": [[95470.0, 16460.0], [95472.5, 2320.0], [95475.0, 4190.0], [95477.5, 5520.0], [95480.0, 37470.0], [95482.5, 50000.0], [95485.0, 49310.0], [95490.0, 17000.0], [95497.5, 2100.0], [95500.0, 7010.0], [95502.5, 20.0], [95507.5, 2100.0], [95510.0, 7000.0], [95517.5, 2120.0], [95520.0, 7010.0], [95522.5, 20.0], [95525.0, 10.0], [95527.5, 20240.0], [95530.0, 68080.0], [95532.5, 2000.0]]}}}
{"jsonrpc": "2.0", "method": "subscription", "params": {"channel": "book.BTC-21FEB25.none.20.100ms", "data": {"timestamp": 1739308503978, "change_id": 87767859616, "instrument_name": "BTC-21FEB25", "bids": [[95580.0, 20.0], [95570.0, 2000.0], [95567.5, 10000.0], [95565.0, 2000.0], [95560.0, 20.0], [95557.5, 130.0], [95550.0, 1650.0], [95547.5, 5500.0], [95542.5, 30.0], [95540.0, 2000.0], [95535.0, 5500.0], [95530.0, 20.0], [95527.5, 1650.0], [95525.0, 21440.0], [95522.5, 20.0], [95510.0, 1650.0], [95507.5, 5500.0], [95502.5, 20.0], [95497.5, 1650.0], [95495.0, 6100.0]], "asks": [[95582.5, 2660.0], [95590.0, 2050.0], [95592.5, 5620.0], [95595.0, 24290.0], [95597.5, 28060.0], [95600.0, 53650.0], [95602.5, 5500.0], [95605.0, 25570.0], [95607.5, 86480.0], [95610.0, 1650.0], [95612.5, 5510.0], [95617.5, 20.0], [95620.0, 1660.0], [95622.5, 5500.0], [95625.0, 20.0], [95630.0, 6140.0], [95632.5, 5500.0], [95635.0, 14950.0], [95637.5, 20.0], [95640.0, 1660.0]]}}}
{"jsonrpc": "2.0", "method": "subscription", "params": {"channel": "book.BTC-14FEB25.none.20.100ms", "data": {"timestamp": 1739308503962, "change_id": 87767859608, "instrument_name": "BTC-14FEB25", "bids": [[95467.5, 7150.0], [95465.0, 20.0], [95460.0, 2190.0], [95457.5, 5400.0], [95455.0, 2130.0], [95452.5, 3000.0], [95450.0, 10000.0], [95445.0, 2770.0], [95442.5, 10.0], [95440.0, 9140.0], [95435.0, 5000.0], [95432.5, 14780.0], [95430.0, 2000.0], [95427.5, 2120.0], [95425.0, 7000.0], [95422.5, 20.0], [95420.0, 1000.0], [95417.5, 3300.0], [95412.5, 2100.0], [95410.0, 52250.0]], "asks": [[95470.0, 16460.0], [95472.5, 2320.0], [95475.0, 4190.0], [95477.5, 5520.0], [95480.0, 37470.0], [95482.5, 50000.0], [95485.0, 49310.0], [95490.0, 17000.0], [95497.5, 2100.0], [95500.0, 7010.0], [95502.5, 20.0], [95507.5, 2100.0], [95510.0, 7000.0], [95517.5, 2120.0], [95520.0, 7010.0], [95522.5, 20.0], [95525.0, 10.0], [95527.5, 20240.0], [95530.0, 68080.0], [95532.5, 2000.0]]}}}
{"jsonrpc": "2.0", "method": "subscription", "params": {"channel": "book.BTC-14FEB25.none.20.100ms", "data": {"timestamp": 1739308504446, "change_id": 87767860205, "instrument_name": "BTC-14FEB25", "bids": [[95467.5, 7150.0], [95465.0, 20.0], [95460.0, 2190.0], [95457.5, 5400.0], [95455.0, 2130.0], [95450.0, 1630.0], [95447.5, 5400.0], [95445.0, 2770.0], [95442.5, 10.0], [95440.0, 12140.0], [95437.5, 10000.0], [95435.0, 5000.0], [95432.5, 14780.0], [95430.0, 2000.0], [95427.5, 2120.0], [95425.0, 7000.0], [95422.5, 20.0], [95420.0, 1000.0], [95417.5, 3300.0], [95412.5, 2100.0]], "asks": [[95470.0, 17660.0], [95472.5, 2320.0], [95475.0, 4190.0], [95477.5, 5520.0], [95480.0, 37470.0], [95482.5, 50000.0], [95485.0, 49310.0], [95490.0, 17000.0], [95497.5, 2100.0], [95500.0, 7010.0], [95502.5, 20.0], [95507.5, 2100.0], [95510.0, 7000.0], [95517.5, 2120.0], [95520.0, 7010.0], [95522.5, 20.0], [95525.0, 10.0], [95527.5, 20240.0], [95530.0, 68080.0], [95532.5, 2000.0]]}}}
{"jsonrpc": "2.0", "method": "subscription", "params": {"channel": "book.BTC-21FEB25.none.20.100ms", "data": {"timestamp": 1739308504475, "change_id": 87767860229, "instrument_name": "BTC-21FEB25", "bids": [[95580.0, 20.0], [95570.0, 2000.0], [95567.5, 10000.0], [95565.0, 2000.0], [95560.0, 20.0], [95557.5, 10.0], [95550.0, 1650.0], [95547.5, 5500.0], [95545.0, 120.0], [95542.5, 30.0], [95540.0, 2000.0], [95537.5, 1650.0], [95535.0, 5500.0], [95530.0, 20.0], [95527.5, 1650.0], [95525.0, 5500.0], [95522.5, 20.0], [95510.0, 1650.0], [95507.5, 5500.0], [95505.0, 4870.0]], "asks": [[95582.5, 2660.0], [95590.0, 2050.0], [95592.5, 5620.0], [95595.0, 24290.0], [95597.5, 28060.0], [95600.0, 53650.0], [95602.5, 5500.0], [95605.0, 25570.0], [95607.5, 86480.0], [95610.0, 1650.0], [95612.5, 5510.0], [95617.5, 20.0], [95620.0, 1660.0], [95622.5, 5500.0], [95625.0, 20.0], [95630.0, 6140.0], [95632.5, 5500.0], [95635.0, 14950.0], [95637.5, 20.0], [95640.0, 1660.0]]}}}
{"jsonrpc": "2.0", "method": "subscription", "params": {"channel": "book.BTC-21FEB25.none.20.100ms", "data": {"timestamp": 1739308504804, "change_id": 87767860829, "instrument_name": "BTC-21FEB25", "bids": [[95580.0, 20.0], [95570.0, 2000.0], [95565.0, 2000.0], [95560.0, 20.0], [95557.5, 3010.0], [95555.0, 10000.0], [95550.0, 1650.0], [95547.5, 5500.0], [95545.0, 120.0], [95542.5, 630.0], [95540.0, 2000.0], [95537.5, 1650.0], [95535.0, 5500.0], [95530.0, 20.0], [95527.5, 1650.0], [95525.0, 5500.0], [95522.5, 20.0], [95510.0, 1650.0], [95507.5, 5500.0], [95505.0, 4870.0]], "asks": [[95582.5, 4660.0], [95590.0, 2050.0], [95592.5, 5620.0], [95595.0, 24290.0], [95597.5, 28060.0], [95600.0, 51650.0], [95602.5, 5500.0], [95605.0, 25570.0], [95607.5, 86480.0], [95610.0, 1650.0], [95612.5, 5510.0], [95617.5, 20.0], [95620.0, 1660.0], [95622.5, 5500.0], [95625.0, 20.0], [95630.0, 6140.0], [95632.5, 5500.0], [95635.0, 14950.0], [95637.5, 20.0], [95640.0, 1660.0]]}}}
{"jsonrpc": "2.0", "method": "subscription", "params": {"channel": "book.BTC-14FEB25.none.20.100ms", "data": {"timestamp": 1739308504567, "change_id": 87767860308, "instrument_name": "BTC-14FEB25", "bids": [[95467.5, 7150.0], [95465.0, 20.0], [95460.0, 10.0], [95457.5, 640.0], [95455.0, 2130.0], [95450.0, 1630.0], [95447.5, 5400.0], [95445.0, 2770.0], [95442.5, 10.0], [95440.0, 12140.0], [95437.5, 10000.0], [95435.0, 5000.0], [95432.5, 14780.0], [95430.0, 2000.0], [95427.5, 2120.0], [95425.0, 7000.0], [95422.5, 20.0], [95420.0, 1000.0], [95417.5, 3300.0], [95412.5, 2100.0]], "asks": [[95470.0, 24660.0], [95472.5, 2320.0], [95475.0, 4190.0], [95477.5, 5520.0], [95480.0, 37470.0], [95482.5, 50000.0], [95485.0, 49310.0], [95490.0, 17000.0], [95497.5, 2100.0], [95500.0, 7010.0], [95502.5, 20.0], [95507.5, 2100.0], [95510.0, 7000.0], [95517.5, 2120.0], [95520.0, 7010.0], [95522.5, 20.0], [95525.0, 10.0], [95527.5, 20240.0], [95530.0, 68080.0], [95532.5, 2000.0]]}}}
{"jsonrpc": "2.0", "method": "subscription", "params": {"channel": "book.BTC-14FEB25.none.20.100ms", "data": {"timestamp": 1739308505122, "change_id": 87767861484, "instrument_name": "BTC-14FEB25", "bids": [[95465.0, 20.0], [95460.0, 10.0], [95450.0, 1630.0], [95447.5, 5400.0], [95445.0, 20.0], [95442.5, 10.0], [95440.0, 4740.0], [95437.5, 17000.0], [95435.0, 640.0], [95432.5, 120.0], [95430.0, 2000.0], [95427.5, 2120.0], [95425.0, 7000.0], [95422.5, 20.0], [95420.0, 3130.0], [95417.5, 3300.0], [95412.5, 16760.0], [95410.0, 7000.0], [95407.5, 20.0], [95405.0, 3970.0]], "asks": [[95467.5, 18530.0], [95470.0, 78650.0], [95472.5, 50190.0], [95475.0, 6720.0], [95477.5, 5400.0], [95480.0, 19130.0], [95485.0, 2100.0], [95490.0, 7000.0], [95500.0, 7010.0], [95502.5, 20.0], [95507.5, 2100.0], [95510.0, 7000.0], [95517.5, 2120.0], [95520.0, 7010.0], [95522.5, 2020.0], [95525.0, 10.0], [95527.5, 20240.0], [95530.0, 68080.0], [95532.5, 2000.0], [95537.5, 2100.0]]}}}
{"jsonrpc": "2.0", "method": "subscription", "params": {"channel": "book.BTC-21FEB25.none.20.100ms", "data": {"timestamp": 1739308505051, "change_id": 87767861145, "instrument_name": "BTC-21FEB25", "bids": [[95580.0, 20.0], [95570.0, 2000.0], [95560.0, 20.0], [95557.5, 3010.0], [95555.0, 10000.0], [95545.0, 120.0], [95542.5, 630.0], [95540.0, 2000.0], [95537.5, 1650.0], [95535.0, 5500.0], [95530.0, 20.0], [95527.5, 1650.0], [95525.0, 5500.0], [95522.5, 20.0], [95510.0, 1650.0], [95507.5, 5500.0], [95502.5, 20.0], [95497.5, 1650.0], [95495.0, 6100.0], [95492.5, 2000.0]], "asks": [[95582.5, 10280.0], [95590.0, 2050.0], [95592.5, 5500.0], [95595.0, 24290.0], [95597.5, 28060.0], [95600.0, 51650.0], [95602.5, 5500.0], [95605.0, 25570.0], [95607.5, 86480.0], [95610.0, 1650.0], [95612.5, 5510.0], [95617.5, 20.0], [95620.0, 1660.0], [95622.5, 5500.0], [95625.0, 20.0], [95630.0, 6140.0], [95632.5, 5500.0], [95635.0, 14950.0], [95637.5, 20.0], [95640.0, 1660.0]]}}}
{"jsonrpc": "2.0", "method": "subscription", "params": {"channel": "book.BTC-14FEB25.none.20.100ms", "data": {"timestamp": 1739308505462, "change_id": 87767861971, "instrument_name": "BTC-14FEB25", "bids": [[95465.0, 120.0], [95460.0, 10.0], [95450.0, 1630.0], [95447.5, 7530.0], [95445.0, 20.0], [95442.5, 10.0], [95440.0, 4740.0], [95437.5, 17000.0], [95435.0, 640.0], [95432.5, 120.0], [95430.0, 2000.0], [95427.5, 2120.0], [95425.0, 7000.0], [95422.5, 20.0], [95420.0, 3130.0], [95417.5, 3300.0], [95415.0, 6500.0], [95412.5, 14660.0], [95410.0, 7000.0], [95407.5, 20.0]], "asks": [[95467.5, 70560.0], [95470.0, 58470.0], [95472.5, 190.0], [95475.0, 6720.0], [95480.0, 19130.0], [95485.0, 2100.0], [95490.0, 7000.0], [95495.0, 25020.0], [95497.5, 76390.0], [95500.0, 7010.0], [95502.5, 20.0], [95507.5, 2100.0], [95510.0, 7000.0], [95517.5, 2120.0], [95520.0, 7010.0], [95522.5, 2020.0], [95525.0, 10.0], [95527.5, 20240.0], [95530.0, 68080.0], [95532.5, 2000.0]]}}}
{"jsonrpc": "2.0", "method": "subscription", "params": {"channel": "book.BTC-21FEB25.none.20.100ms", "data": {"timestamp": 1739308505464, "change_id": 87767861977, "instrument_name": "BTC-21FEB25", "bids": [[95580.0, 20.0], [95570.0, 2000.0], [95560.0, 20.0], [95557.5, 5010.0], [95555.0, 12180.0], [95550.0, 10390.0], [95547.5, 16180.0], [95545.0, 120.0], [95542.5, 630.0], [95540.0, 2000.0], [95537.5, 1650.0], [95535.0, 5500.0], [95530.0, 20.0], [95527.5, 1650.0], [95525.0, 5500.0], [95522.5, 20.0], [95510.0, 1650.0], [95507.5, 5500.0], [95502.5, 20.0], [95497.5, 1650.0]], "asks": [[95582.5, 4780.0], [95590.0, 2050.0], [95592.5, 5500.0], [95595.0, 24290.0], [95597.5, 38060.0], [95600.0, 51650.0], [95602.5, 5500.0], [95610.0, 1650.0], [95612.5, 5510.0], [95617.5, 20.0], [95620.0, 1660.0], [95622.5, 5500.0], [95625.0, 20.0], [95630.0, 6140.0], [95632.5, 5500.0], [95635.0, 14950.0], [95637.5, 20.0], [95640.0, 1660.0], [95642.5, 5500.0], [95655.0, 2260.0]]}}}
{"jsonrpc": "2.0", "method": "subscription", "params": {"channel": "book.BTC-14FEB25.none.20.100ms", "data": {"timestamp": 1739308505744, "change_id": 87767862453, "instrument_name": "BTC-14FEB25", "bids": [[95465.0, 120.0], [95460.0, 10.0], [95450.0, 1120.0], [95447.5, 5400.0], [95445.0, 670.0], [95442.5, 2140.0], [95440.0, 4740.0], [95437.5, 17190.0], [95435.0, 640.0], [95432.5, 120.0], [95430.0, 2000.0], [95427.5, 2120.0], [95425.0, 7000.0], [95422.5, 20.0], [95420.0, 3130.0], [95417.5, 3300.0], [95415.0, 6500.0], [95412.5, 14660.0], [95410.0, 7000.0], [95407.5, 20.0]], "asks": [[95467.5, 80560.0], [95470.0, 58660.0], [95475.0, 2740.0], [95480.0, 9130.0], [95485.0, 2100.0], [95490.0, 7000.0], [95500.0, 7010.0], [95502.5, 20.0], [95507.5, 2100.0], [95510.0, 7000.0], [95517.5, 2120.0], [95520.0, 7010.0], [95522.5, 2020.0], [95525.0, 10.0], [95527.5, 20240.0], [95530.0, 68080.0], [95532.5, 2000.0], [95537.5, 2100.0], [95540.0, 7010.0], [95542.5, 20.0]]}}}
{"jsonrpc": "2.0", "method": "subscription", "params": {"channel": "book.BTC-21FEB25.none.20.100ms", "data": {"timestamp": 1739308505659, "change_id": 87767862214, "instrument_name": "BTC-21FEB25", "bids": [[95580.0, 20.0], [95570.0, 2000.0], [95560.0, 20.0], [95557.5, 3010.0], [95555.0, 10600.0], [95552.5, 2000.0], [95545.0, 120.0], [95542.5, 630.0], [95540.0, 2000.0], [95537.5, 1650.0], [95535.0, 5500.0], [95530.0, 20.0], [95527.5, 1650.0], [95525.0, 5500.0], [95522.5, 20.0], [95510.0, 1650.0], [95507.5, 5500.0], [95502.5, 20.0], [95497.5, 1650.0], [95495.0, 10700.0]], "asks": [[95582.5, 10280.0], [95590.0, 16810.0], [95592.5, 5500.0], [95595.0, 85760.0], [95597.5, 114530.0], [95600.0, 1650.0], [95602.5, 5500.0], [95610.0, 1650.0], [95612.5, 5510.0], [95617.5, 20.0], [95620.0, 1660.0], [95622.5, 5500.0], [95625.0, 20.0], [95630.0, 6140.0], [95632.5, 5500.0], [95635.0, 14950.0], [95637.5, 20.0], [95640.0, 1660.0], [95642.5, 5500.0], [95655.0, 2260.0]]}}}
{"jsonrpc": "2.0", "method": "subscription", "params": {"channel": "book.BTC-21FEB25.none.20.100ms", "data": {"timestamp": 1739308506112, "change_id": 87767863119, "instrument_name": "BTC-21FEB25", "bids": [[95580.0, 20.0], [95570.0, 2000.0], [95560.0, 20.0], [95557.5, 3010.0], [95555.0, 10600.0], [95552.5, 2000.0], [95542.5, 630.0], [95540.0, 2000.0], [95537.5, 1650.0], [95535.0, 5500.0], [95532.5, 120.0], [95530.0, 20.0], [95527.5, 1650.0], [95525.0, 5500.0], [95522.5, 20.0], [95510.0, 17480.0], [95507.5, 5500.0], [95502.5, 20.0], [95497.5, 1650.0], [95495.0, 6100.0]], "asks": [[95582.5, 10280.0], [95590.0, 16810.0], [95592.5, 5500.0], [95595.0, 85760.0], [95597.5, 114530.0], [95600.0, 1650.0], [95602.5, 5500.0], [95610.0, 1650.0], [95612.5, 5510.0], [95617.5, 20.0], [95620.0, 1660.0], [95622.5, 5500.0], [95625.0, 20.0], [95630.0, 6140.0], [95632.5, 5500.0], [95635.0, 14950.0], [95637.5, 20.0], [95640.0, 1660.0], [95642.5, 5500.0], [95655.0, 2260.0]]}}}
{"jsonrpc": "2.0", "method": "subscription", "params": {"channel": "book.BTC-14FEB25.none.20.100ms", "data": {"timestamp": 1739308506083, "change_id": 87767862989, "instrument_name": "BTC-14FEB25", "bids": [[95465.0, 120.0], [95460.0, 10.0], [95450.0, 1120.0], [95447.5, 5400.0], [95445.0, 670.0], [95442.5, 2140.0], [95440.0, 4740.0], [95437.5, 17190.0], [95435.0, 640.0], [95430.0, 2000.0], [95427.5, 2120.0], [95425.0, 7000.0], [95422.5, 20.0], [95420.0, 3250.0], [95417.5, 3300.0], [95415.0, 6500.0], [95412.5, 14660.0], [95410.0, 7000.0], [95407.5, 20.0], [95405.0, 3970.0]], "asks": [[95467.5, 82690.0], [95470.0, 58660.0], [95475.0, 2740.0], [95480.0, 7000.0], [95485.0, 24750.0], [95490.0, 83390.0], [95500.0, 7010.0], [95502.5, 20.0], [95507.5, 2100.0], [95510.0, 7000.0], [95517.5, 2120.0], [95520.0, 7010.0], [95522.5, 2020.0], [95525.0, 10.0], [95527.5, 20240.0], [95530.0, 68080.0], [95532.5, 2000.0], [95537.5, 2100.0], [95540.0, 7010.0], [95542.5, 20.0]]}}}
{"jsonrpc": "2.0", "method": "subscription", "params": {"channel": "book.BTC-14FEB25.none.20.100ms", "data": {"timestamp": 1739308506172, "change_id": 87767863253, "instrument_name": "BTC-14FEB25", "bids": [[95465.0, 120.0], [95460.0, 10.0], [95450.0, 1120.0], [95447.5, 5400.0], [95445.0, 670.0], [95442.5, 2140.0], [95440.0, 4740.0], [95437.5, 17190.0], [95435.0, 640.0], [95430.0, 2000.0], [95427.5, 2120.0], [95425.0, 7000.0], [95422.5, 20.0], [95420.0, 3250.0], [95417.5, 3300.0], [95415.0, 6500.0], [95412.5, 14660.0], [95410.0, 7000.0], [95407.5, 20.0], [95405.0, 3970.0]], "asks": [[95467.5, 80560.0], [95470.0, 58660.0], [95475.0, 2740.0], [95480.0, 9130.0], [95485.0, 24750.0], [95490.0, 83390.0], [95500.0, 7010.0], [95502.5, 20.0], [95507.5, 2100.0], [95510.0, 7000.0], [95517.5, 2120.0], [95520.0, 7010.0], [95522.5, 2020.0], [95525.0, 10.0], [95527.5, 20240.0], [95530.0, 68080.0], [95532.5, 2000.0], [95537.5, 2100.0], [95540.0, 7010.0], [95542.5, 20.0]]}}}
{"jsonrpc": "2.0", "method": "subscription", "params": {"channel": "book.BTC-21FEB25.none.20.100ms", "data": {"timestamp": 1739308506453, "change_id": 87767863477, "instrument_name": "BTC-21FEB25", "bids": [[95580.0, 20.0], [95570.0, 2000.0], [95560.0, 20.0], [95557.5, 3010.0], [95555.0, 12180.0], [95552.5, 2000.0], [95550.0, 5500.0], [95542.5, 630.0], [95540.0, 2000.0], [95537.5, 1650.0], [95535.0, 5500.0], [95532.5, 120.0], [95530.0, 20.0], [95527.5, 1650.0], [95525.0, 5500.0], [95522.5, 20.0], [95510.0, 17480.0], [95507.5, 5500.0], [95502.5, 20.0], [95497.5, 1650.0]], "asks": [[95582.5, 10280.0], [95590.0, 16810.0], [95592.5, 5500.0], [95595.0, 85760.0], [95597.5, 113130.0], [95600.0, 1650.0], [95602.5, 5500.0], [95610.0, 1650.0], [95612.5, 5510.0], [95617.5, 20.0], [95620.0, 1660.0], [95622.5, 5500.0], [95625.0, 20.0], [95630.0, 6140.0], [95632.5, 5500.0], [95635.0, 14950.0], [95637.5, 20.0], [95640.0, 1660.0], [95642.5, 5500.0], [95655.0, 2260.0]]}}}
{"jsonrpc": "2.0", "method": "subscription", "params": {"channel": "book.BTC-21FEB25.none.20.100ms", "data": {"timestamp": 1739308506684, "change_id": 87767863605, "instrument_name": "BTC-21FEB25", "bids": [[95580.0, 20.0], [95570.0, 2000.0], [95560.0, 20.0], [95557.5, 10.0], [95555.0, 12180.0], [95552.5, 2000.0], [95550.0, 5500.0], [95542.5, 630.0], [95540.0, 2000.0], [95537.5, 1650.0], [95535.0, 5500.0], [95532.5, 120.0], [95530.0, 20.0], [95527.5, 1650.0], [95525.0, 5500.0], [95522.5, 20.0], [95510.0, 17480.0], [95507.5, 5500.0], [95502.5, 20.0], [95497.5, 1650.0]], "asks": [[95582.5, 10280.0], [95590.0, 16810.0], [95592.5, 5500.0], [95595.0, 85760.0], [95597.5, 113130.0], [95600.0, 1650.0], [95602.5, 5500.0], [95610.0, 1650.0], [95612.5, 5510.0], [95617.5, 20.0], [95620.0, 1660.0], [95622.5, 5500.0], [95625.0, 20.0], [95630.0, 6140.0], [95632.5, 5500.0], [95635.0, 14950.0], [95637.5, 20.0], [95640.0, 1660.0], [95642.5, 5500.0], [95655.0, 2260.0]]}}}
{"jsonrpc": "2.0", "method": "subscription", "params": {"channel": "book.BTC-21FEB25.none.20.100ms", "data": {"timestamp": 1739308507031, "change_id": 87767864026, "instrument_name": "BTC-21FEB25", "bids": [[95580.0, 20.0], [95570.0, 2000.0], [95560.0, 20.0], [95557.5, 10.0], [95555.0, 12180.0], [95552.5, 2000.0], [95550.0, 5500.0], [95542.5, 630.0], [95540.0, 2000.0], [95537.5, 1650.0], [95535.0, 5500.0], [95532.5, 120.0], [95530.0, 20.0], [95527.5, 1650.0], [95525.0, 5500.0], [95522.5, 20.0], [95510.0, 17480.0], [95507.5, 5500.0], [95502.5, 20.0], [95497.5, 1650.0]], "asks": [[95582.5, 20280.0], [95590.0, 16810.0], [95592.5, 5500.0], [95595.0, 85760.0], [95597.5, 103130.0], [95600.0, 1650.0], [95602.5, 5500.0], [95610.0, 1650.0], [95612.5, 5510.0], [95617.5, 20.0], [95620.0, 1660.0], [95622.5, 5500.0], [95625.0, 20.0], [95630.0, 6140.0], [95632.5, 5500.0], [95635.0, 14950.0], [95637.5, 20.0], [95640.0, 1660.0], [95642.5, 5500.0], [95655.0, 2260.0]]}}}
{"jsonrpc": "2.0", "method": "subscription", "params": {"channel": "book.BTC-21FEB25.none.20.100ms", "data": {"timestamp": 1739308507705, "change_id": 87767864612, "instrument_name": "BTC-21FEB25", "bids": [[95580.0, 20.0], [95570.0, 2000.0], [95560.0, 20.0], [95557.5, 3010.0], [95555.0, 12180.0], [95552.5, 2000.0], [95550.0, 5500.0], [95542.5, 630.0], [95540.0, 2000.0], [95537.5, 1650.0], [95535.0, 5500.0], [95532.5, 120.0], [95530.0, 20.0], [95527.5, 1650.0], [95525.0, 5500.0], [95522.5, 20.0], [95512.5, 4750.0], [95510.0, 17480.0], [95507.5, 5500.0], [95502.5, 20.0]], "asks": [[95582.5, 4780.0], [95590.0, 16810.0], [95592.5, 5500.0], [95595.0, 95760.0], [95597.5, 103130.0], [95600.0, 1650.0], [95602.5, 5500.0], [95610.0, 1650.0], [95612.5, 5510.0], [95617.5, 20.0], [95620.0, 1660.0], [95622.5, 5500.0], [95625.0, 20.0], [95630.0, 6140.0], [95632.5, 5500.0], [95635.0, 14950.0], [95637.5, 20.0], [95640.0, 1660.0], [95642.5, 5500.0], [95655.0, 2260.0]]}}}
{"jsonrpc": "2.0", "method": "subscription", "params": {"channel": "book.BTC-14FEB25.none.20.100ms", "data": {"timestamp": 1739308507726, "change_id": 87767864707, "instrument_name": "BTC-14FEB25", "bids": [[95465.0, 120.0], [95460.0, 10.0], [95450.0, 1120.0], [95447.5, 5400.0], [95445.0, 670.0], [95442.5, 2140.0], [95440.0, 4740.0], [95437.5, 17190.0], [95435.0, 640.0], [95430.0, 2000.0], [95427.5, 2120.0], [95425.0, 7000.0], [95422.5, 700.0], [95420.0, 3250.0], [95417.5, 3300.0], [95415.0, 6500.0], [95412.5, 14660.0], [95410.0, 7000.0], [95407.5, 20.0], [95400.0, 2110.0]], "asks": [[95467.5, 80560.0], [95470.0, 51660.0], [95475.0, 2740.0], [95480.0, 9130.0], [95485.0, 24750.0], [95490.0, 83390.0], [95497.5, 2100.0], [95500.0, 7010.0], [95502.5, 20.0], [95507.5, 2100.0], [95510.0, 7000.0], [95517.5, 2120.0], [95520.0, 7010.0], [95522.5, 2020.0], [95525.0, 10.0], [95527.5, 20240.0], [95530.0, 68080.0], [95532.5, 2000.0], [95537.5, 2100.0], [95540.0, 7010.0]]}}}
{"jsonrpc": "2.0", "method": "subscription", "params": {"channel": "book.BTC-21FEB25.none.20.100ms", "data": {"timestamp": 1739308508110, "change_id": 87767865229, "instrument_name": "BTC-21FEB25", "bids": [[95580.0, 20.0], [95570.0, 2000.0], [95560.0, 20.0], [95557.5, 5010.0], [95555.0, 10000.0], [95552.5, 1650.0], [95550.0, 5500.0], [95542.5, 630.0], [95540.0, 2000.0], [95537.5, 1650.0], [95535.0, 5500.0], [95532.5, 120.0], [95530.0, 20.0], [95527.5, 1650.0], [95525.0, 5500.0], [95522.5, 20.0], [95512.5, 4750.0], [95510.0, 17480.0], [95507.5, 5500.0], [95502.5, 20.0]], "asks": [[95582.5, 14780.0], [95590.0, 16810.0], [95592.5, 5500.0], [95595.0, 85760.0], [95597.5, 103130.0], [95600.0, 1650.0], [95602.5, 5500.0], [95610.0, 1650.0], [95612.5, 5510.0], [95617.5, 20.0], [95620.0, 1660.0], [95622.5, 5500.0], [95625.0, 20.0], [95630.0, 6140.0], [95632.5, 5500.0], [95635.0, 14950.0], [95637.5, 20.0], [95640.0, 1660.0], [95642.5, 5500.0], [95655.0, 2260.0]]}}}
{"jsonrpc": "2.0", "method": "subscription", "params": {"channel": "book.BTC-14FEB25.none.20.100ms", "data": {"timestamp": 1739308507811, "change_id": 87767864996, "instrument_name": "BTC-14FEB25", "bids": [[95465.0, 120.0], [95460.0, 10.0], [95450.0, 2130.0], [95447.5, 7530.0], [95445.0, 20.0], [95442.5, 10.0], [95440.0, 4740.0], [95437.5, 17190.0], [95435.0, 640.0], [95430.0, 2000.0], [95427.5, 2120.0], [95425.0, 7000.0], [95422.5, 700.0], [95420.0, 3250.0], [95417.5, 3300.0], [95415.0, 6500.0], [95412.5, 14660.0], [95410.0, 7000.0], [95407.5, 20.0], [95400.0, 2110.0]], "asks": [[95467.5, 80560.0], [95470.0, 51660.0], [95475.0, 2740.0], [95480.0, 9130.0], [95485.0, 24750.0], [95490.0, 83390.0], [95497.5, 2100.0], [95500.0, 7010.0], [95502.5, 20.0], [95507.5, 2100.0], [95510.0, 7000.0], [95517.5, 2120.0], [95520.0, 7010.0], [95522.5, 2020.0], [95525.0, 10.0], [95527.5, 20240.0], [95530.0, 68080.0], [95532.5, 2000.0], [95537.5, 2100.0], [95540.0, 7010.0]]}}}
{"jsonrpc": "2.0", "method": "subscription", "params": {"channel": "book.BTC-21FEB25.none.20.100ms", "data": {"timestamp": 1739308508292, "change_id": 87767865662, "instrument_name": "BTC-21FEB25", "bids": [[95580.0, 20.0], [95570.0, 2000.0], [95560.0, 620.0], [95557.5, 2010.0], [95552.5, 1650.0], [95550.0, 5500.0], [95542.5, 3560.0], [95540.0, 12000.0], [95537.5, 1650.0], [95535.0, 5500.0], [95532.5, 120.0], [95530.0, 20.0], [95527.5, 1650.0], [95525.0, 5500.0], [95522.5, 20.0], [95512.5, 4750.0], [95510.0, 17480.0], [95507.5, 5500.0], [95502.5, 20.0], [95497.5, 1650.0]], "asks": [[95582.5, 14780.0], [95590.0, 16810.0], [95592.5, 5500.0], [95595.0, 85760.0], [95597.5, 103130.0], [95600.0, 1650.0], [95602.5, 5500.0], [95610.0, 1650.0], [95612.5, 5510.0], [95617.5, 20.0], [95620.0, 1660.0], [95622.5, 5500.0], [95625.0, 20.0], [95630.0, 6140.0], [95632.5, 5500.0], [95635.0, 14950.0], [95637.5, 20.0], [95640.0, 1660.0], [95642.5, 5500.0], [95655.0, 2260.0]]}}}
{"jsonrpc": "2.0", "method": "subscription", "params": {"channel": "book.BTC-14FEB25.none.20.100ms", "data": {"timestamp": 1739308508333, "change_id": 87767865703, "instrument_name": "BTC-14FEB25", "bids": [[95465.0, 120.0], [95460.0, 10.0], [95450.0, 2130.0], [95447.5, 7530.0], [95445.0, 20.0], [95442.5, 650.0], [95440.0, 3870.0], [95437.5, 7190.0], [95435.0, 640.0], [95430.0, 2000.0], [95427.5, 2120.0], [95425.0, 7000.0], [95422.5, 10700.0], [95420.0, 1120.0], [95417.5, 3300.0], [95410.0, 7000.0], [95407.5, 14680.0], [95400.0, 2110.0], [95397.5, 7000.0], [95390.0, 13600.0]], "asks": [[95467.5, 80560.0], [95470.0, 7190.0], [95475.0, 2740.0], [95480.0, 9130.0], [95485.0, 24750.0], [95490.0, 83390.0], [95497.5, 2100.0], [95500.0, 7010.0], [95502.5, 20.0], [95507.5, 2100.0], [95510.0, 7000.0], [95517.5, 2120.0], [95520.0, 7010.0], [95522.5, 2020.0], [95525.0, 44480.0], [95527.5, 62580.0], [95530.0, 7600.0], [95532.5, 2000.0], [95537.5, 2100.0], [95540.0, 7010.0]]}}}
{"jsonrpc": "2.0", "method": "subscription", "params": {"channel": "book.BTC-14FEB25.none.20.100ms", "data": {"timestamp": 1739308508517, "change_id": 87767865775, "instrument_name": "BTC-14FEB25", "bids": [[95465.0, 120.0], [95460.0, 10.0], [95450.0, 2130.0], [95447.5, 7530.0], [95445.0, 20.0], [95442.5, 650.0], [95440.0, 3870.0], [95437.5, 7190.0], [95435.0, 640.0], [95430.0, 2000.0], [95427.5, 2120.0], [95425.0, 7000.0], [95422.5, 10700.0], [95420.0, 1120.0], [95417.5, 3300.0], [95410.0, 7000.0], [95407.5, 14680.0], [95400.0, 2110.0], [95397.5, 7000.0], [95390.0, 13600.0]], "asks": [[95467.5, 30560.0], [95470.0, 7190.0], [95475.0, 2740.0], [95480.0, 24130.0], [95482.5, 50000.0], [95485.0, 24750.0], [95490.0, 83390.0], [95497.5, 2100.0], [95500.0, 7010.0], [95502.5, 20.0], [95507.5, 2100.0], [95510.0, 7000.0], [95517.5, 2120.0], [95520.0, 7010.0], [95522.5, 2020.0], [95525.0, 44480.0], [95527.5, 62580.0], [95530.0, 7600.0], [95532.5, 2000.0], [95537.5, 2100.0]]}}}
{"jsonrpc": "2.0", "method": "subscription", "params": {"channel": "book.BTC-21FEB25.none.20.100ms", "data": {"timestamp": 1739308508901, "change_id": 87767866201, "instrument_name": "BTC-21FEB25", "bids": [[95580.0, 20.0], [95570.0, 2000.0], [95560.0, 620.0], [95557.5, 2010.0], [95552.5, 1650.0], [95550.0, 5500.0], [95542.5, 3560.0], [95540.0, 12000.0], [95537.5, 1650.0], [95535.0, 5500.0], [95532.5, 120.0], [95530.0, 20.0], [95527.5, 1650.0], [95525.0, 5500.0], [95522.5, 20.0], [95512.5, 4750.0], [95510.0, 17480.0], [95507.5, 5500.0], [95502.5, 20.0], [95497.5, 1650.0]], "asks": [[95582.5, 14780.0], [95590.0, 16810.0], [95592.5, 5500.0], [95595.0, 85760.0], [95597.5, 103130.0], [95600.0, 1650.0], [95602.5, 5500.0], [95610.0, 1650.0], [95612.5, 5510.0], [95617.5, 20.0], [95620.0, 1660.0], [95622.5, 5500.0], [95625.0, 4920.0], [95627.5, 16330.0], [95630.0, 6140.0], [95632.5, 5500.0], [95635.0, 14950.0], [95637.5, 20.0], [95640.0, 1660.0], [95642.5, 5500.0]]}}}
{"jsonrpc": "2.0", "method": "subscription", "params": {"channel": "book.BTC-21FEB25.none.20.100ms", "data": {"timestamp": 1739308509423, "change_id": 87767866791, "instrument_name": "BTC-21FEB25", "bids": [[95580.0, 20.0], [95570.0, 2000.0], [95560.0, 620.0], [95557.5, 2010.0], [95552.5, 1650.0], [95550.0, 5500.0], [95542.5, 3560.0], [95540.0, 12000.0], [95537.5, 1650.0], [95535.0, 5500.0], [95532.5, 120.0], [95530.0, 20.0], [95527.5, 1650.0], [95525.0, 5500.0], [95522.5, 20.0], [95512.5, 4750.0], [95510.0, 17480.0], [95507.5, 5500.0], [95502.5, 20.0], [95497.5, 1650.0]], "asks": [[95582.5, 14780.0], [95590.0, 16810.0], [95592.5, 5500.0], [95595.0, 85760.0], [95597.5, 103130.0], [95600.0, 1650.0], [95602.5, 5500.0], [95610.0, 1650.0], [95612.5, 5510.0], [95617.5, 20.0], [95620.0, 1660.0], [95622.5, 5500.0], [95625.0, 4920.0], [95627.5, 16330.0], [95632.5, 5500.0], [95637.5, 20.0], [95640.0, 1660.0], [95642.5, 5500.0], [95655.0, 2260.0], [95657.5, 5520.0]]}}}
{"jsonrpc": "2.0", "method": "subscription", "params": {"channel": "book.BTC-14FEB25.none.20.100ms", "data": {"timestamp": 1739308509424, "change_id": 87767866792, "instrument_name": "BTC-14FEB25", "bids": [[95465.0, 120.0], [95460.0, 10.0], [95450.0, 2130.0], [95447.5, 7530.0], [95445.0, 20.0], [95442.5, 650.0], [95440.0, 3870.0], [95437.5, 7190.0], [95435.0, 640.0], [95430.0, 2000.0], [95427.5, 2120.0], [95425.0, 10050.0], [95422.5, 10020.0], [95420.0, 1120.0], [95417.5, 3300.0], [95410.0, 7000.0], [95407.5, 20.0], [95400.0, 2110.0], [95397.5, 7000.0], [95390.0, 20.0]], "asks": [[95467.5, 30560.0], [95470.0, 7190.0], [95475.0, 2740.0], [95480.0, 24130.0], [95482.5, 50000.0], [95485.0, 24750.0], [95490.0, 83390.0], [95497.5, 2100.0], [95500.0, 7010.0], [95502.5, 20.0], [95507.5, 2100.0], [95510.0, 7000.0], [95517.5, 2120.0], [95520.0, 7010.0], [95522.5, 2020.0], [95525.0, 10.0], [95527.5, 2100.0], [95530.0, 7600.0], [95532.5, 2000.0], [95537.5, 2100.0]]}}}
{"jsonrpc": "2.0", "method": "subscription", "params": {"channel": "book.BTC-14FEB25.none.20.100ms", "data": {"timestamp": 1739308510144, "change_id": 87767867391, "instrument_name": "BTC-14FEB25", "bids": [[95465.0, 120.0], [95460.0, 10.0], [95450.0, 2130.0], [95447.5, 7530.0], [95445.0, 20.0], [95442.5, 650.0], [95440.0, 3870.0], [95437.5, 7190.0], [95435.0, 640.0], [95430.0, 2000.0], [95427.5, 2120.0], [95425.0, 10050.0], [95422.5, 10020.0], [95420.0, 1120.0], [95417.5, 3300.0], [95412.5, 2100.0], [95410.0, 7000.0], [95407.5, 20.0], [95400.0, 2110.0], [95397.5, 7000.0]], "asks": [[95467.5, 30560.0], [95470.0, 7190.0], [95475.0, 2740.0], [95480.0, 24130.0], [95482.5, 50000.0], [95485.0, 24750.0], [95490.0, 83390.0], [95497.5, 2100.0], [95500.0, 7010.0], [95502.5, 20.0], [95507.5, 2100.0], [95510.0, 7000.0], [95517.5, 2120.0], [95520.0, 7620.0], [95522.5, 2020.0], [95525.0, 10.0], [95527.5, 2100.0], [95530.0, 7600.0], [95532.5, 2000.0], [95537.5, 2100.0]]}}}
{"jsonrpc": "2.0", "method": "subscription", "params": {"channel": "book.BTC-21FEB25.none.20.100ms", "data": {"timestamp": 1739308510146, "change_id": 87767867393, "instrument_name": "BTC-21FEB25", "bids": [[95580.0, 20.0], [95570.0, 2000.0], [95560.0, 620.0], [95557.5, 2010.0], [95552.5, 1650.0], [95550.0, 5500.0], [95542.5, 3560.0], [95540.0, 12000.0], [95537.5, 1650.0], [95535.0, 5500.0], [95532.5, 120.0], [95530.0, 20.0], [95527.5, 1650.0], [95525.0, 5500.0], [95522.5, 20.0], [95512.5, 4750.0], [95510.0, 17480.0], [95507.5, 5500.0], [95502.5, 20.0], [95497.5, 1650.0]], "asks": [[95582.5, 14780.0], [95590.0, 16810.0], [95592.5, 5500.0], [95595.0, 85760.0], [95597.5, 103130.0], [95600.0, 1650.0], [95602.5, 5500.0], [95610.0, 1650.0], [95612.5, 5510.0], [95617.5, 20.0], [95620.0, 1660.0], [95622.5, 5500.0], [95625.0, 4920.0], [95627.5, 16330.0], [95630.0, 1650.0], [95632.5, 5500.0], [95637.5, 20.0], [95640.0, 1660.0], [95642.5, 5500.0], [95655.0, 2260.0]]}}}
{"jsonrpc": "2.0", "method": "subscription", "params": {"channel": "book.BTC-14FEB25.none.20.100ms", "data": {"timestamp": 1739308510969, "change_id": 87767868168, "instrument_name": "BTC-14FEB25", "bids": [[95465.0, 120.0], [95460.0, 10.0], [95450.0, 2130.0], [95447.5, 7530.0], [95445.0, 20.0], [95442.5, 650.0], [95440.0, 3870.0], [95437.5, 7190.0], [95435.0, 640.0], [95430.0, 2000.0], [95427.5, 2120.0], [95425.0, 10050.0], [95422.5, 10020.0], [95420.0, 1120.0], [95417.5, 3300.0], [95412.5, 2100.0], [95410.0, 7000.0], [95407.5, 20.0], [95400.0, 2110.0], [95397.5, 7000.0]], "asks": [[95467.5, 30560.0], [95470.0, 7190.0], [95475.0, 2740.0], [95480.0, 24130.0], [95482.5, 50000.0], [95485.0, 24750.0], [95490.0, 83390.0], [95497.5, 2100.0], [95500.0, 7010.0], [95502.5, 20.0], [95507.5, 2100.0], [95510.0, 7000.0], [95517.5, 2120.0], [95520.0, 7620.0], [95522.5, 2020.0], [95525.0, 10.0], [95527.5, 2100.0], [95530.0, 7600.0], [95532.5, 2000.0], [95537.5, 2100.0]]}}}
{"jsonrpc": "2.0", "method": "subscription", "params": {"channel": "book.BTC-21FEB25.none.20.100ms", "data": {"timestamp": 1739308510969, "change_id": 87767868166, "instrument_name": "BTC-21FEB25", "bids": [[95580.0, 20.0], [95570.0, 2000.0], [95560.0, 620.0], [95557.5, 2010.0], [95552.5, 1650.0], [95550.0, 5500.0], [95542.5, 3560.0], [95540.0, 12000.0], [95537.5, 1650.0], [95535.0, 5500.0], [95532.5, 120.0], [95530.0, 20.0], [95527.5, 1650.0], [95525.0, 5500.0], [95522.5, 20.0], [95512.5, 4750.0], [95510.0, 17480.0], [95507.5, 5500.0], [95502.5, 20.0], [95497.5, 1650.0]], "asks": [[95582.5, 14780.0], [95590.0, 16810.0], [95592.5, 5500.0], [95595.0, 85760.0], [95597.5, 103130.0], [95600.0, 1650.0], [95602.5, 5500.0], [95610.0, 1650.0], [95612.5, 5510.0], [95617.5, 20.0], [95620.0, 1660.0], [95622.5, 5500.0], [95625.0, 4920.0], [95627.5, 16330.0], [95630.0, 1650.0], [95632.5, 5500.0], [95637.5, 20.0], [95640.0, 1660.0], [95642.5, 5500.0], [95655.0, 2260.0]]}}}
{"jsonrpc": "2.0", "method": "subscription", "params": {"channel": "book.BTC-21FEB25.none.20.100ms", "data": {"timestamp": 1739308511319, "change_id": 87767868625, "instrument_name": "BTC-21FEB25", "bids": [[95580.0, 20.0], [95570.0, 2000.0], [95560.0, 20.0], [95557.5, 2010.0], [95552.5, 1650.0], [95550.0, 5500.0], [95542.5, 3560.0], [95540.0, 12000.0], [95537.5, 1650.0], [95535.0, 5500.0], [95532.5, 120.0], [95530.0, 20.0], [95527.5, 1650.0], [95525.0, 5500.0], [95522.5, 20.0], [95512.5, 4750.0], [95510.0, 17480.0], [95507.5, 5500.0], [95502.5, 20.0], [95497.5, 1650.0]], "asks": [[95582.5, 14780.0], [95590.0, 16810.0], [95592.5, 5500.0], [95595.0, 85760.0], [95597.5, 103130.0], [95600.0, 1650.0], [95602.5, 5500.0], [95610.0, 1650.0], [95612.5, 5510.0], [95617.5, 20.0], [95620.0, 1660.0], [95622.5, 5500.0], [95625.0, 4920.0], [95627.5, 16330.0], [95630.0, 1650.0], [95632.5, 5500.0], [95637.5, 20.0], [95640.0, 1660.0], [95642.5, 5500.0], [95655.0, 2260.0]]}}}
{"jsonrpc": "2.0", "method": "subscription", "params": {"channel": "book.BTC-14FEB25.none.20.100ms", "data": {"timestamp": 1739308511511, "change_id": 87767868676, "instrument_name": "BTC-14FEB25", "bids": [[95465.0, 120.0], [95460.0, 10.0], [95450.0, 2130.0], [95447.5, 7530.0], [95445.0, 20.0], [95442.5, 10.0], [95440.0, 1740.0], [95437.5, 7190.0], [95435.0, 640.0], [95430.0, 2000.0], [95427.5, 2120.0], [95425.0, 10050.0], [95422.5, 10020.0], [95420.0, 3250.0], [95417.5, 3300.0], [95412.5, 2100.0], [95410.0, 7000.0], [95407.5, 20.0], [95400.0, 2110.0], [95397.5, 7000.0]], "asks": [[95467.5, 30560.0], [95470.0, 7190.0], [95475.0, 2740.0], [95480.0, 24130.0], [95482.5, 50000.0], [95485.0, 24750.0], [95490.0, 83390.0], [95497.5, 2100.0], [95500.0, 7010.0], [95502.5, 20.0], [95507.5, 2100.0], [95510.0, 7000.0], [95517.5, 2120.0], [95520.0, 7620.0], [95522.5, 2020.0], [95525.0, 10.0], [95527.5, 2100.0], [95530.0, 7600.0], [95532.5, 2000.0], [95537.5, 2100.0]]}}}
{"jsonrpc": "2.0", "method": "subscription", "params": {"channel": "book.BTC-21FEB25.none.20.100ms", "data": {"timestamp": 1739308513701, "change_id": 87767870519, "instrument_name": "BTC-21FEB25", "bids": [[95580.0, 20.0], [95570.0, 2000.0], [95562.5, 1660.0], [95560.0, 6120.0], [95557.5, 2010.0], [95552.5, 1650.0], [95550.0, 5500.0], [95542.5, 3560.0], [95540.0, 12000.0], [95537.5, 1650.0], [95535.0, 5500.0], [95532.5, 120.0], [95530.0, 20.0], [95527.5, 1650.0], [95525.0, 5500.0], [95522.5, 20.0], [95512.5, 4750.0], [95510.0, 17480.0], [95507.5, 5500.0], [95502.5, 20.0]], "asks": [[95582.5, 4780.0], [95590.0, 16810.0], [95595.0, 85760.0], [95597.5, 113130.0], [95600.0, 1650.0], [95602.5, 5500.0], [95610.0, 1650.0], [95612.5, 5510.0], [95617.5, 20.0], [95620.0, 1660.0], [95622.5, 5500.0], [95625.0, 20.0], [95630.0, 1650.0], [95632.5, 5500.0], [95637.5, 20.0], [95640.0, 1660.0], [95642.5, 5500.0], [95655.0, 2260.0], [95657.5, 5520.0], [95660.0, 6930.0]]}}}
{"jsonrpc": "2.0", "method": "subscription", "params": {"channel": "book.BTC-14FEB25.none.20.100ms", "data": {"timestamp": 1739308513664, "change_id": 87767870503, "instrument_name": "BTC-14FEB25", "bids": [[95465.0, 120.0], [95460.0, 10.0], [95450.0, 2130.0], [95447.5, 7530.0], [95445.0, 20.0], [95442.5, 650.0], [95440.0, 3870.0], [95437.5, 7190.0], [95435.0, 640.0], [95430.0, 2000.0], [95427.5, 2120.0], [95425.0, 10050.0], [95422.5, 10020.0], [95420.0, 1120.0], [95417.5, 3300.0], [95412.5, 2100.0], [95410.0, 7000.0], [95407.5, 20.0], [95400.0, 2110.0], [95397.5, 7000.0]], "asks": [[95467.5, 30560.0], [95470.0, 7190.0], [95475.0, 2660.0], [95477.5, 7000.0], [95480.0, 17130.0], [95482.5, 50000.0], [95485.0, 24750.0], [95490.0, 83390.0], [95497.5, 2100.0], [95500.0, 7010.0], [95502.5, 20.0], [95507.5, 2100.0], [95510.0, 7000.0], [95517.5, 2120.0], [95520.0, 7620.0], [95522.5, 2020.0], [95525.0, 10.0], [95527.5, 2100.0], [95530.0, 7600.0], [95532.5, 2000.0]]}}}
{"jsonrpc": "2.0", "method": "subscription", "params": {"channel": "book.BTC-14FEB25.none.20.100ms", "data": {"timestamp": 1739308513906, "change_id": 87767870959, "instrument_name": "BTC-14FEB25", "bids": [[95465.0, 120.0], [95460.0, 10.0], [95455.0, 640.0], [95452.5, 2130.0], [95450.0, 2130.0], [95447.5, 5400.0], [95445.0, 20.0], [95442.5, 650.0], [95440.0, 3870.0], [95437.5, 7190.0], [95435.0, 640.0], [95430.0, 2000.0], [95427.5, 2120.0], [95425.0, 10050.0], [95422.5, 10020.0], [95420.0, 1120.0], [95417.5, 3300.0], [95412.5, 2100.0], [95410.0, 7000.0], [95407.5, 20.0]], "asks": [[95467.5, 30560.0], [95470.0, 7190.0], [95475.0, 2660.0], [95477.5, 7000.0], [95480.0, 17130.0], [95482.5, 50000.0], [95485.0, 24750.0], [95490.0, 83390.0], [95497.5, 2100.0], [95500.0, 7010.0], [95502.5, 20.0], [95507.5, 2100.0], [95510.0, 7000.0], [95517.5, 2120.0], [95520.0, 7620.0], [95522.5, 2020.0], [95525.0, 10.0], [95527.5, 2100.0], [95530.0, 7600.0], [95532.5, 2000.0]]}}}
{"jsonrpc": "2.0", "method": "subscription", "params": {"channel": "book.BTC-21FEB25.none.20.100ms", "data": {"timestamp": 1739308513900, "change_id": 87767870938, "instrument_name": "BTC-21FEB25", "bids": [[95580.0, 20.0], [95570.0, 2000.0], [95562.5, 3660.0], [95560.0, 5520.0], [95557.5, 10.0], [95552.5, 1650.0], [95550.0, 5500.0], [95542.5, 3560.0], [95540.0, 12000.0], [95537.5, 1650.0], [95535.0, 5500.0], [95532.5, 120.0], [95530.0, 20.0], [95527.5, 1650.0], [95525.0, 5500.0], [95522.5, 20.0], [95512.5, 4750.0], [95510.0, 17480.0], [95507.5, 5500.0], [95502.5, 20.0]], "asks": [[95582.5, 14780.0], [95590.0, 16810.0], [95595.0, 85760.0], [95597.5, 103130.0], [95600.0, 1650.0], [95602.5, 5500.0], [95610.0, 1650.0], [95612.5, 5510.0], [95617.5, 20.0], [95620.0, 1660.0], [95622.5, 5500.0], [95625.0, 20.0], [95630.0, 1650.0], [95632.5, 5500.0], [95637.5, 20.0], [95640.0, 1660.0], [95642.5, 5500.0], [95655.0, 2260.0], [95657.5, 5520.0], [95660.0, 6930.0]]}}}
{"jsonrpc": "2.0", "method": "subscription", "params": {"channel": "book.BTC-14FEB25.none.20.100ms", "data": {"timestamp": 1739308514356, "change_id": 87767871630, "instrument_name": "BTC-14FEB25", "bids": [[95465.0, 120.0], [95460.0, 10.0], [95457.5, 2130.0], [95450.0, 2130.0], [95447.5, 5400.0], [95445.0, 20.0], [95442.5, 650.0], [95440.0, 3870.0], [95437.5, 7190.0], [95435.0, 640.0], [95430.0, 2000.0], [95427.5, 2120.0], [95425.0, 10050.0], [95422.5, 10020.0], [95420.0, 1120.0], [95417.5, 3300.0], [95412.5, 2100.0], [95410.0, 7000.0], [95407.5, 20.0], [95400.0, 2110.0]], "asks": [[95467.5, 30560.0], [95470.0, 7190.0], [95475.0, 2660.0], [95477.5, 7000.0], [95480.0, 17130.0], [95482.5, 50000.0], [95485.0, 24750.0], [95490.0, 83390.0], [95497.5, 2100.0], [95500.0, 7010.0], [95502.5, 20.0], [95507.5, 2100.0], [95510.0, 7000.0], [95517.5, 2120.0], [95520.0, 7620.0], [95522.5, 2020.0], [95525.0, 10.0], [95527.5, 2100.0], [95530.0, 7600.0], [95532.5, 2000.0]]}}}
{"jsonrpc": "2.0", "method": "subscription", "params": {"channel": "book.BTC-21FEB25.none.20.100ms", "data": {"timestamp": 1739308514363, "change_id": 87767871632, "instrument_name": "BTC-21FEB25", "bids": [[95580.0, 20.0], [95572.5, 1400.0], [95570.0, 2000.0], [95562.5, 3660.0], [95560.0, 5520.0], [95557.5, 10.0], [95552.5, 1650.0], [95550.0, 5500.0], [95542.5, 3560.0], [95540.0, 12000.0], [95537.5, 1650.0], [95535.0, 5500.0], [95532.5, 120.0], [95530.0, 20.0], [95527.5, 1650.0], [95525.0, 5500.0], [95522.5, 20.0], [95512.5, 4750.0], [95510.0, 17480.0], [95507.5, 5500.0]], "asks": [[95582.5, 12780.0], [95590.0, 16810.0], [95595.0, 85760.0], [95597.5, 103130.0], [95600.0, 3650.0], [95602.5, 5500.0], [95610.0, 1650.0], [95612.5, 5510.0], [95617.5, 20.0], [95620.0, 1660.0], [95622.5, 5500.0], [95625.0, 20.0], [95630.0, 1650.0], [95632.5, 5500.0], [95637.5, 20.0], [95640.0, 1660.0], [95642.5, 5500.0], [95655.0, 2260.0], [95657.5, 5520.0], [95660.0, 6930.0]]}}}
{"jsonrpc": "2.0", "method": "subscription", "params": {"channel": "book.BTC-21FEB25.none.20.100ms", "data": {"timestamp": 1739308514543, "change_id": 87767871776, "instrument_name": "BTC-21FEB25", "bids": [[95580.0, 20.0], [95572.5, 1400.0], [95570.0, 2000.0], [95567.5, 2000.0], [95562.5, 1660.0], [95560.0, 5520.0], [95557.5, 10.0], [95552.5, 1650.0], [95550.0, 5500.0], [95542.5, 3680.0], [95540.0, 12000.0], [95537.5, 1650.0], [95535.0, 5500.0], [95530.0, 20.0], [95527.5, 1650.0], [95525.0, 5500.0], [95522.5, 20.0], [95512.5, 4750.0], [95510.0, 17480.0], [95507.5, 5500.0]], "asks": [[95582.5, 2780.0], [95590.0, 16810.0], [95595.0, 95760.0], [95597.5, 103130.0], [95600.0, 3650.0], [95602.5, 5500.0], [95610.0, 1650.0], [95612.5, 5510.0], [95617.5, 20.0], [95620.0, 1660.0], [95622.5, 5500.0], [95625.0, 20.0], [95630.0, 1650.0], [95632.5, 5500.0], [95637.5, 20.0], [95640.0, 1660.0], [95642.5, 5500.0], [95655.0, 2260.0], [95657.5, 5520.0], [95660.0, 6930.0]]}}}
{"jsonrpc": "2.0", "method": "subscription", "params": {"channel": "book.BTC-14FEB25.none.20.100ms", "data": {"timestamp": 1739308514530, "change_id": 87767871769, "instrument_name": "BTC-14FEB25", "bids": [[95465.0, 120.0], [95460.0, 650.0], [95457.5, 2130.0], [95450.0, 2130.0], [95447.5, 5400.0], [95445.0, 20.0], [95442.5, 650.0], [95440.0, 3870.0], [95437.5, 7190.0], [95435.0, 640.0], [95430.0, 2000.0], [95427.5, 2120.0], [95425.0, 10050.0], [95422.5, 10020.0], [95420.0, 1120.0], [95417.5, 3300.0], [95412.5, 2100.0], [95410.0, 7000.0], [95407.5, 20.0], [95400.0, 2110.0]], "asks": [[95467.5, 30560.0], [95470.0, 7190.0], [95475.0, 2660.0], [95477.5, 7000.0], [95480.0, 17130.0], [95482.5, 50000.0], [95485.0, 24750.0], [95490.0, 83390.0], [95497.5, 2100.0], [95500.0, 7010.0], [95502.5, 20.0], [95507.5, 2100.0], [95510.0, 7000.0], [95517.5, 2120.0], [95520.0, 7620.0], [95522.5, 2020.0], [95525.0, 10.0], [95527.5, 2100.0], [95530.0, 7600.0], [95532.5, 2000.0]]}}}
{"jsonrpc": "2.0", "method": "subscription", "params": {"channel": "book.BTC-14FEB25.none.20.100ms", "data": {"timestamp": 1739308515000, "change_id": 87767872225, "instrument_name": "BTC-14FEB25", "bids": [[95465.0, 120.0], [95460.0, 650.0], [95457.5, 2130.0], [95450.0, 2130.0], [95447.5, 5400.0], [95445.0, 20.0], [95442.5, 650.0], [95440.0, 4060.0], [95437.5, 7000.0], [95435.0, 640.0], [95430.0, 2120.0], [95427.5, 2120.0], [95425.0, 10050.0], [95422.5, 10020.0], [95420.0, 1000.0], [95417.5, 3300.0], [95412.5, 2100.0], [95410.0, 7000.0], [95407.5, 20.0], [95400.0, 2110.0]], "asks": [[95467.5, 30560.0], [95470.0, 7190.0], [95475.0, 2660.0], [95477.5, 7000.0], [95480.0, 17130.0], [95482.5, 50000.0], [95485.0, 24750.0], [95490.0, 83390.0], [95497.5, 2100.0], [95500.0, 7010.0], [95502.5, 20.0], [95507.5, 2100.0], [95510.0, 7000.0], [95517.5, 2120.0], [95520.0, 7620.0], [95522.5, 2020.0], [95525.0, 10.0], [95527.5, 2100.0], [95530.0, 7600.0], [95532.5, 2000.0]]}}}
{"jsonrpc": "2.0", "method": "subscription", "params": {"channel": "book.BTC-21FEB25.none.20.100ms", "data": {"timestamp": 1739308515352, "change_id": 87767872682, "instrument_name": "BTC-21FEB25", "bids": [[95580.0, 20.0], [95572.5, 1400.0], [95570.0, 2000.0], [95567.5, 2000.0], [95565.0, 1400.0], [95562.5, 1660.0], [95560.0, 5520.0], [95557.5, 10.0], [95552.5, 1650.0], [95550.0, 5500.0], [95542.5, 3680.0], [95540.0, 12000.0], [95537.5, 1650.0], [95535.0, 5500.0], [95530.0, 20.0], [95527.5, 1650.0], [95525.0, 5500.0], [95522.5, 20.0], [95512.5, 4750.0], [95510.0, 17480.0]], "asks": [[95582.5, 2780.0], [95590.0, 16810.0], [95595.0, 95760.0], [95597.5, 103130.0], [95600.0, 3650.0], [95602.5, 5500.0], [95610.0, 1650.0], [95612.5, 5510.0], [95617.5, 20.0], [95620.0, 1660.0], [95622.5, 5500.0], [95625.0, 20.0], [95630.0, 1650.0], [95632.5, 5500.0], [95637.5, 20.0], [95640.0, 1660.0], [95642.5, 5500.0], [95655.0, 2260.0], [95657.5, 5520.0], [95660.0, 6930.0]]}}}
{"jsonrpc": "2.0", "method": "subscription", "params": {"channel": "book.BTC-21FEB25.none.20.100ms", "data": {"timestamp": 1739308515713, "change_id": 87767872816, "instrument_name": "BTC-21FEB25", "bids": [[95580.0, 20.0], [95572.5, 1400.0], [95570.0, 2000.0], [95567.5, 2000.0], [95565.0, 1400.0], [95562.5, 1660.0], [95560.0, 5520.0], [95557.5, 10.0], [95552.5, 4440.0], [95550.0, 15500.0], [95542.5, 750.0], [95540.0, 2000.0], [95537.5, 1650.0], [95535.0, 5500.0], [95530.0, 20.0], [95527.5, 1650.0], [95525.0, 5500.0], [95522.5, 20.0], [95512.5, 4750.0], [95510.0, 17480.0]], "asks": [[95582.5, 2780.0], [95590.0, 16810.0], [95595.0, 95760.0], [95597.5, 103130.0], [95600.0, 3650.0], [95602.5, 5500.0], [95610.0, 1650.0], [95612.5, 5510.0], [95617.5, 20.0], [95620.0, 1660.0], [95622.5, 5500.0], [95625.0, 20.0], [95630.0, 1650.0], [95632.5, 5500.0], [95637.5, 20.0], [95640.0, 1660.0], [95642.5, 5500.0], [95655.0, 2260.0], [95657.5, 5520.0], [95660.0, 6930.0]]}}}
{"jsonrpc": "2.0", "method": "subscription", "params": {"channel": "book.BTC-14FEB25.none.20.100ms", "data": {"timestamp": 1739308515829, "change_id": 87767873199, "instrument_name": "BTC-14FEB25", "bids": [[95465.0, 120.0], [95460.0, 650.0], [95457.5, 2130.0], [95450.0, 2130.0], [95447.5, 5400.0], [95445.0, 20.0], [95442.5, 650.0], [95440.0, 4060.0], [95437.5, 7000.0], [95435.0, 3560.0], [95432.5, 10000.0], [95430.0, 2120.0], [95427.5, 2120.0], [95425.0, 7000.0], [95422.5, 20.0], [95420.0, 1000.0], [95417.5, 3300.0], [95412.5, 2100.0], [95410.0, 7000.0], [95407.5, 20.0]], "asks": [[95467.5, 30560.0], [95470.0, 7190.0], [95475.0, 2660.0], [95477.5, 7000.0], [95480.0, 17130.0], [95482.5, 50000.0], [95485.0, 24750.0], [95490.0, 83390.0], [95497.5, 2100.0], [95500.0, 7010.0], [95502.5, 20.0], [95507.5, 2100.0], [95510.0, 7000.0], [95517.5, 2120.0], [95520.0, 7620.0], [95522.5, 2020.0], [95525.0, 10.0], [95527.5, 2100.0], [95530.0, 7600.0], [95532.5, 2000.0]]}}}
{"jsonrpc": "2.0", "method": "subscription", "params": {"channel": "book.BTC-21FEB25.none.20.100ms", "data": {"timestamp": 1739308515812, "change_id": 87767873193, "instrument_name": "BTC-21FEB25", "bids": [[95580.0, 20.0], [95572.5, 1400.0], [95570.0, 2000.0], [95565.0, 2010.0], [95562.5, 2000.0], [95560.0, 20.0], [95557.5, 10.0], [95552.5, 4440.0], [95550.0, 15500.0], [95542.5, 750.0], [95540.0, 2000.0], [95537.5, 1650.0], [95535.0, 5500.0], [95530.0, 20.0], [95527.5, 1650.0], [95525.0, 5500.0], [95522.5, 20.0], [95512.5, 4750.0], [95510.0, 17480.0], [95507.5, 5500.0]], "asks": [[95582.5, 2780.0], [95590.0, 16810.0], [95592.5, 5500.0], [95595.0, 95760.0], [95597.5, 103130.0], [95600.0, 3650.0], [95602.5, 5500.0], [95610.0, 1650.0], [95612.5, 5510.0], [95617.5, 20.0], [95620.0, 1660.0], [95622.5, 5500.0], [95625.0, 20.0], [95630.0, 1650.0], [95632.5, 5500.0], [95637.5, 20.0], [95640.0, 1660.0], [95642.5, 5500.0], [95655.0, 2260.0], [95657.5, 5520.0]]}}}
{"jsonrpc": "2.0", "method": "subscription", "params": {"channel": "book.BTC-14FEB25.none.20.100ms", "data": {"timestamp": 1739308516091, "change_id": 87767873353, "instrument_name": "BTC-14FEB25", "bids": [[95465.0, 120.0], [95460.0, 650.0], [95457.5, 2130.0], [95450.0, 2130.0], [95447.5, 5400.0], [95445.0, 20.0], [95442.5, 650.0], [95440.0, 4060.0], [95437.5, 7000.0], [95435.0, 3560.0], [95432.5, 10000.0], [95430.0, 2120.0], [95427.5, 2120.0], [95425.0, 7000.0], [95422.5, 20.0], [95420.0, 1000.0], [95417.5, 3300.0], [95412.5, 2100.0], [95410.0, 7000.0], [95407.5, 20.0]], "asks": [[95467.5, 30560.0], [95470.0, 7190.0], [95475.0, 2660.0], [95477.5, 7000.0], [95480.0, 17130.0], [95482.5, 50000.0], [95485.0, 24750.0], [95490.0, 83390.0], [95497.5, 2100.0], [95500.0, 7010.0], [95502.5, 20.0], [95507.5, 2100.0], [95510.0, 7000.0], [95517.5, 2120.0], [95520.0, 7620.0], [95522.5, 2020.0], [95525.0, 10.0], [95527.5, 2100.0], [95530.0, 7600.0], [95532.5, 2000.0]]}}}
{"jsonrpc": "2.0", "method": "subscription", "params": {"channel": "book.BTC-21FEB25.none.20.100ms", "data": {"timestamp": 1739308516341, "change_id": 87767873713, "instrument_name": "BTC-21FEB25", "bids": [[95580.0, 20.0], [95572.5, 1400.0], [95570.0, 2000.0], [95565.0, 3580.0], [95562.5, 3400.0], [95560.0, 5520.0], [95557.5, 10.0], [95552.5, 4440.0], [95550.0, 15500.0], [95542.5, 750.0], [95540.0, 2000.0], [95537.5, 1650.0], [95535.0, 5500.0], [95530.0, 20.0], [95527.5, 1650.0], [95525.0, 5500.0], [95522.5, 20.0], [95512.5, 4750.0], [95510.0, 17480.0], [95507.5, 5500.0]], "asks": [[95582.5, 2780.0], [95590.0, 16810.0], [95595.0, 95760.0], [95597.5, 103130.0], [95600.0, 3650.0], [95602.5, 5500.0], [95610.0, 1650.0], [95612.5, 5510.0], [95617.5, 20.0], [95620.0, 1660.0], [95622.5, 5500.0], [95625.0, 20.0], [95630.0, 1650.0], [95632.5, 5500.0], [95637.5, 20.0], [95640.0, 1660.0], [95642.5, 5500.0], [95655.0, 2260.0], [95657.5, 5520.0], [95660.0, 6930.0]]}}}
{"jsonrpc": "2.0", "method": "subscription", "params": {"channel": "book.BTC-21FEB25.none.20.100ms", "data": {"timestamp": 1739308516881, "change_id": 87767874142, "instrument_name": "BTC-21FEB25", "bids": [[95580.0, 20.0], [95570.0, 2000.0], [95565.0, 1400.0], [95562.5, 3400.0], [95560.0, 20.0], [95557.5, 10.0], [95552.5, 4440.0], [95550.0, 15500.0], [95542.5, 750.0], [95540.0, 2000.0], [95537.5, 1650.0], [95535.0, 5500.0], [95530.0, 20.0], [95527.5, 1650.0], [95525.0, 5500.0], [95522.5, 20.0], [95512.5, 4750.0], [95510.0, 17480.0], [95507.5, 5500.0], [95502.5, 20.0]], "asks": [[95582.5, 2780.0], [95590.0, 16810.0], [95592.5, 5500.0], [95595.0, 95760.0], [95597.5, 103130.0], [95600.0, 3650.0], [95602.5, 5500.0], [95610.0, 1650.0], [95612.5, 5510.0], [95617.5, 20.0], [95620.0, 1660.0], [95622.5, 5500.0], [95625.0, 20.0], [95630.0, 1650.0], [95632.5, 5500.0], [95637.5, 20.0], [95640.0, 1660.0], [95642.5, 5500.0], [95655.0, 2260.0], [95657.5, 5520.0]]}}}
{"jsonrpc": "2.0", "method": "subscription", "params": {"channel": "book.BTC-14FEB25.none.20.100ms", "data": {"timestamp": 1739308516877, "change_id": 87767874141, "instrument_name": "BTC-14FEB25", "bids": [[95465.0, 120.0], [95460.0, 10.0], [95457.5, 2130.0], [95450.0, 2130.0], [95447.5, 5400.0], [95445.0, 20.0], [95442.5, 650.0], [95440.0, 4060.0], [95437.5, 7000.0], [95435.0, 3560.0], [95432.5, 10000.0], [95430.0, 2120.0], [95427.5, 2120.0], [95425.0, 7000.0], [95422.5, 20.0], [95420.0, 1000.0], [95417.5, 3300.0], [95412.5, 2100.0], [95410.0, 7000.0], [95407.5, 20.0]], "asks": [[95467.5, 30560.0], [95470.0, 7190.0], [95475.0, 2660.0], [95477.5, 7000.0], [95480.0, 17130.0], [95482.5, 50000.0], [95485.0, 24750.0], [95490.0, 83390.0], [95497.5, 2100.0], [95500.0, 7010.0], [95502.5, 20.0], [95507.5, 2100.0], [95510.0, 7000.0], [95517.5, 2120.0], [95520.0, 7620.0], [95522.5, 2020.0], [95525.0, 10.0], [95527.5, 2100.0], [95530.0, 7600.0], [95532.5, 2000.0]]}}}
{"jsonrpc": "2.0", "method": "subscription", "params": {"channel": "book.BTC-14FEB25.none.20.100ms", "data": {"timestamp": 1739308517124, "change_id": 87767874382, "instrument_name": "BTC-14FEB25", "bids": [[95465.0, 120.0], [95460.0, 10.0], [95455.0, 640.0], [95452.5, 2130.0], [95450.0, 2130.0], [95447.5, 5400.0], [95445.0, 20.0], [95442.5, 650.0], [95440.0, 4060.0], [95437.5, 7000.0], [95435.0, 3560.0], [95432.5, 10000.0], [95430.0, 2120.0], [95427.5, 2120.0], [95425.0, 7000.0], [95422.5, 20.0], [95420.0, 1000.0], [95417.5, 3300.0], [95412.5, 2100.0], [95410.0, 7000.0]], "asks": [[95467.5, 30560.0], [95470.0, 7190.0], [95475.0, 2660.0], [95477.5, 7000.0], [95480.0, 17130.0], [95482.5, 50000.0], [95485.0, 24750.0], [95490.0, 83390.0], [95497.5, 2100.0], [95500.0, 7010.0], [95502.5, 20.0], [95507.5, 2100.0], [95510.0, 7000.0], [95517.5, 2120.0], [95520.0, 7620.0], [95522.5, 2020.0], [95525.0, 10.0], [95527.5, 2100.0], [95530.0, 7600.0], [95532.5, 2000.0]]}}}
{"jsonrpc": "2.0", "method": "subscription", "params": {"channel": "book.BTC-21FEB25.none.20.100ms", "data": {"timestamp": 1739308517356, "change_id": 87767874709, "instrument_name": "BTC-21FEB25", "bids": [[95580.0, 20.0], [95570.0, 2000.0], [95565.0, 1400.0], [95562.5, 3400.0], [95560.0, 1420.0], [95557.5, 10.0], [95552.5, 4440.0], [95550.0, 15500.0], [95542.5, 750.0], [95540.0, 2000.0], [95537.5, 1650.0], [95535.0, 5500.0], [95530.0, 20.0], [95527.5, 1650.0], [95525.0, 5500.0], [95522.5, 20.0], [95512.5, 4750.0], [95510.0, 17480.0], [95507.5, 5500.0], [95502.5, 20.0]], "asks": [[95582.5, 4780.0], [95590.0, 16810.0], [95592.5, 5500.0], [95595.0, 95760.0], [95597.5, 103130.0], [95600.0, 1650.0], [95602.5, 5500.0], [95610.0, 1650.0], [95612.5, 5510.0], [95617.5, 20.0], [95620.0, 1660.0], [95622.5, 5500.0], [95625.0, 20.0], [95630.0, 1650.0], [95632.5, 5500.0], [95637.5, 20.0], [95640.0, 1660.0], [95642.5, 5500.0], [95655.0, 2260.0], [95657.5, 5520.0]]}}}
{"jsonrpc": "2.0", "method": "subscription", "params": {"channel": "book.BTC-21FEB25.none.20.100ms", "data": {"timestamp": 1739308517506, "change_id": 87767874869, "instrument_name": "BTC-21FEB25", "bids": [[95580.0, 20.0], [95570.0, 2000.0], [95565.0, 1400.0], [95562.5, 1400.0], [95560.0, 1420.0], [95557.5, 2010.0], [95552.5, 4440.0], [95550.0, 15500.0], [95542.5, 750.0], [95540.0, 2000.0], [95537.5, 1650.0], [95535.0, 5500.0], [95530.0, 20.0], [95527.5, 1650.0], [95525.0, 5500.0], [95522.5, 20.0], [95512.5, 4750.0], [95510.0, 17480.0], [95507.5, 5500.0], [95502.5, 20.0]], "asks": [[95582.5, 14780.0], [95590.0, 16810.0], [95592.5, 5500.0], [95595.0, 85760.0], [95597.5, 103130.0], [95600.0, 1650.0], [95602.5, 5500.0], [95610.0, 1650.0], [95612.5, 5510.0], [95617.5, 20.0], [95620.0, 1660.0], [95622.5, 5500.0], [95625.0, 20.0], [95630.0, 1650.0], [95632.5, 5500.0], [95637.5, 20.0], [95640.0, 1660.0], [95642.5, 5500.0], [95655.0, 2260.0], [95657.5, 5520.0]]}}}
{"jsonrpc": "2.0", "method": "subscription", "params": {"channel": "book.BTC-14FEB25.none.20.100ms", "data": {"timestamp": 1739308517650, "change_id": 87767874901, "instrument_name": "BTC-14FEB25", "bids": [[95465.0, 120.0], [95460.0, 10.0], [95450.0, 2130.0], [95447.5, 7530.0], [95445.0, 20.0], [95442.5, 200.0], [95440.0, 1740.0], [95437.5, 7000.0], [95435.0, 3560.0], [95432.5, 10000.0], [95430.0, 2120.0], [95427.5, 2120.0], [95425.0, 7000.0], [95422.5, 660.0], [95420.0, 3130.0], [95417.5, 3300.0], [95412.5, 2100.0], [95410.0, 7000.0], [95407.5, 20.0], [95400.0, 2110.0]], "asks": [[95467.5, 30560.0], [95470.0, 7190.0], [95475.0, 2660.0], [95477.5, 7000.0], [95480.0, 17130.0], [95482.5, 50000.0], [95485.0, 24750.0], [95490.0, 83390.0], [95497.5, 2100.0], [95500.0, 7010.0], [95502.5, 20.0], [95507.5, 2100.0], [95510.0, 7000.0], [95517.5, 2120.0], [95520.0, 7620.0], [95522.5, 2020.0], [95525.0, 10.0], [95527.5, 2100.0], [95530.0, 7600.0], [95532.5, 2000.0]]}}}
{"jsonrpc": "2.0", "method": "subscription", "params": {"channel": "book.BTC-21FEB25.none.20.100ms", "data": {"timestamp": 1739308518318, "change_id": 87767875785, "instrument_name": "BTC-21FEB25", "bids": [[95580.0, 20.0], [95570.0, 2000.0], [95562.5, 1400.0], [95560.0, 2020.0], [95557.5, 2010.0], [95552.5, 4440.0], [95550.0, 15500.0], [95542.5, 750.0], [95540.0, 2000.0], [95537.5, 1650.0], [95535.0, 5500.0], [95530.0, 20.0], [95527.5, 1650.0], [95525.0, 5500.0], [95522.5, 20.0], [95512.5, 4750.0], [95510.0, 17480.0], [95507.5, 5500.0], [95502.5, 20.0], [95497.5, 1650.0]], "asks": [[95582.5, 14780.0], [95590.0, 16810.0], [95592.5, 5500.0], [95595.0, 85760.0], [95597.5, 103130.0], [95600.0, 1650.0], [95602.5, 5500.0], [95610.0, 1650.0], [95612.5, 5510.0], [95617.5, 20.0], [95620.0, 1660.0], [95622.5, 5500.0], [95625.0, 20.0], [95630.0, 1650.0], [95632.5, 5500.0], [95637.5, 20.0], [95640.0, 1660.0], [95642.5, 5500.0], [95655.0, 2260.0], [95657.5, 5520.0]]}}}
{"jsonrpc": "2.0", "method": "subscription", "params": {"channel": "book.BTC-21FEB25.none.20.100ms", "data": {"timestamp": 1739308518646, "change_id": 87767875936, "instrument_name": "BTC-21FEB25", "bids": [[95580.0, 20.0], [95570.0, 2000.0], [95560.0, 20.0], [95557.5, 2010.0], [95552.5, 2790.0], [95550.0, 10000.0], [95542.5, 750.0], [95540.0, 2000.0], [95537.5, 1650.0], [95535.0, 5500.0], [95530.0, 20.0], [95527.5, 1650.0], [95525.0, 5500.0], [95522.5, 20.0], [95512.5, 4750.0], [95510.0, 17480.0], [95507.5, 5500.0], [95502.5, 20.0], [95497.5, 1650.0], [95495.0, 6100.0]], "asks": [[95582.5, 14780.0], [95590.0, 16810.0], [95592.5, 5500.0], [95595.0, 59400.0], [95597.5, 26660.0], [95600.0, 1650.0], [95602.5, 5500.0], [95610.0, 1650.0], [95612.5, 5510.0], [95617.5, 20.0], [95620.0, 1660.0], [95622.5, 5500.0], [95625.0, 20.0], [95630.0, 1650.0], [95632.5, 5500.0], [95637.5, 20.0], [95640.0, 1660.0], [95642.5, 5500.0], [95655.0, 2260.0], [95657.5, 5520.0]]}}}
{"jsonrpc": "2.0", "method": "subscription", "params": {"channel": "book.BTC-14FEB25.none.20.100ms", "data": {"timestamp": 1739308518645, "change_id": 87767875929, "instrument_name": "BTC-14FEB25", "bids": [[95465.0, 120.0], [95460.0, 10.0], [95450.0, 650.0], [95447.5, 2130.0], [95445.0, 20.0], [95442.5, 200.0], [95440.0, 1740.0], [95437.5, 7000.0], [95435.0, 3560.0], [95432.5, 10000.0], [95430.0, 2120.0], [95427.5, 2120.0], [95425.0, 7000.0], [95422.5, 660.0], [95420.0, 3130.0], [95417.5, 3300.0], [95412.5, 2100.0], [95410.0, 7000.0], [95407.5, 20.0], [95400.0, 2110.0]], "asks": [[95467.5, 30560.0], [95470.0, 7190.0], [95475.0, 2660.0], [95477.5, 7000.0], [95480.0, 17130.0], [95482.5, 50000.0], [95485.0, 2100.0], [95490.0, 7000.0], [95497.5, 2100.0], [95500.0, 7010.0], [95502.5, 20.0], [95507.5, 2100.0], [95510.0, 7000.0], [95517.5, 2120.0], [95520.0, 7620.0], [95522.5, 2020.0], [95525.0, 10.0], [95527.5, 2100.0], [95530.0, 7600.0], [95532.5, 2000.0]]}}}
{"jsonrpc": "2.0", "method": "subscription", "params": {"channel": "book.BTC-21FEB25.none.20.100ms", "data": {"timestamp": 1739308518895, "change_id": 87767876420, "instrument_name": "BTC-21FEB25", "bids": [[95580.0, 20.0], [95570.0, 2000.0], [95560.0, 20.0], [95557.5, 10.0], [95552.5, 4790.0], [95550.0, 10000.0], [95542.5, 750.0], [95540.0, 2000.0], [95537.5, 1650.0], [95535.0, 5500.0], [95530.0, 20.0], [95527.5, 1650.0], [95525.0, 5500.0], [95522.5, 20.0], [95512.5, 4750.0], [95510.0, 17480.0], [95507.5, 5500.0], [95502.5, 20.0], [95497.5, 1650.0], [95495.0, 6100.0]], "asks": [[95582.5, 20280.0], [95590.0, 16810.0], [95592.5, 5500.0], [95595.0, 59400.0], [95597.5, 26660.0], [95600.0, 1650.0], [95602.5, 5500.0], [95610.0, 1650.0], [95612.5, 5510.0], [95617.5, 20.0], [95620.0, 1660.0], [95622.5, 5500.0], [95625.0, 20.0], [95630.0, 1650.0], [95632.5, 5500.0], [95637.5, 20.0], [95640.0, 1660.0], [95642.5, 5500.0], [95655.0, 2260.0], [95657.5, 5520.0]]}}}
{"jsonrpc": "2.0", "method": "subscription", "params": {"channel": "book.BTC-14FEB25.none.20.100ms", "data": {"timestamp": 1739308518909, "change_id": 87767876446, "instrument_name": "BTC-14FEB25", "bids": [[95465.0, 20.0], [95460.0, 10.0], [95445.0, 720.0], [95442.5, 2330.0], [95440.0, 1740.0], [95437.5, 7000.0], [95435.0, 3560.0], [95432.5, 10000.0], [95430.0, 2120.0], [95427.5, 2120.0], [95425.0, 7000.0], [95422.5, 660.0], [95420.0, 3130.0], [95417.5, 3300.0], [95412.5, 2100.0], [95410.0, 7000.0], [95407.5, 20.0], [95400.0, 2110.0], [95397.5, 7000.0], [95390.0, 20.0]], "asks": [[95467.5, 33470.0], [95470.0, 7190.0], [95475.0, 2660.0], [95477.5, 7000.0], [95480.0, 15000.0], [95482.5, 50000.0], [95485.0, 24750.0], [95490.0, 83390.0], [95497.5, 2100.0], [95500.0, 7010.0], [95502.5, 20.0], [95507.5, 2100.0], [95510.0, 7000.0], [95517.5, 2120.0], [95520.0, 7620.0], [95522.5, 2020.0], [95525.0, 10.0], [95527.5, 2100.0], [95530.0, 7600.0], [95532.5, 2000.0]]}}}
{"jsonrpc": "2.0", "method": "subscription", "params": {"channel": "book.BTC-21FEB25.none.20.100ms", "data": {"timestamp": 1739308519351, "change_id": 87767876989, "instrument_name": "BTC-21FEB25", "bids": [[95580.0, 20.0], [95570.0, 2000.0], [95560.0, 20.0], [95557.5, 10.0], [95552.5, 4790.0], [95550.0, 10000.0], [95542.5, 750.0], [95540.0, 2000.0], [95537.5, 1650.0], [95535.0, 5500.0], [95530.0, 20.0], [95527.5, 1650.0], [95525.0, 5500.0], [95522.5, 20.0], [95512.5, 4750.0], [95510.0, 17480.0], [95507.5, 5500.0], [95502.5, 20.0], [95497.5, 1650.0], [95495.0, 6100.0]], "asks": [[95582.5, 20280.0], [95587.5, 15000.0], [95590.0, 66810.0], [95592.5, 81970.0], [95595.0, 9400.0], [95597.5, 26660.0], [95600.0, 1650.0], [95602.5, 5500.0], [95610.0, 1650.0], [95612.5, 5510.0], [95617.5, 20.0], [95620.0, 1660.0], [95622.5, 5500.0], [95625.0, 20.0], [95630.0, 1650.0], [95632.5, 5500.0], [95637.5, 20.0], [95640.0, 1660.0], [95642.5, 5500.0], [95655.0, 2260.0]]}}}
