{"jsonrpc": "2.0", "method": "subscription", "params": {"channel": "book.BTC-14FEB25.none.20.100ms", "data": {"timestamp": 1739480561848, "change_id": 88032341136, "instrument_name": "BTC-14FEB25", "bids": [[96357.5, 11900.0], [96355.0, 2760.0], [96352.5, 4900.0], [96350.0, 9180.0], [96347.5, 15200.0], [96345.0, 1790.0], [96342.5, 4900.0], [96340.0, 16290.0], [96337.5, 54900.0], [96335.0, 10120.0], [96332.5, 2100.0], [96330.0, 10300.0], [96322.5, 100.0], [96320.0, 2110.0], [96317.5, 7000.0], [96310.0, 20.0], [96300.0, 10.0], [96287.5, 2100.0], [96285.0, 7000.0], [96282.5, 600.0]], "asks": [[96360.0, 10.0], [96367.5, 3000.0], [96370.0, 10440.0], [96375.0, 5100.0], [96377.5, 10000.0], [96380.0, 30140.0], [96382.5, 77100.0], [96387.5, 3110.0], [96390.0, 10300.0], [96400.0, 2110.0], [96402.5, 7000.0], [96410.0, 2100.0], [96412.5, 7000.0], [96420.0, 2120.0], [96422.5, 7000.0], [96425.0, 20.0], [96430.0, 2100.0], [96432.5, 7000.0], [96440.0, 10.0], [96450.0, 2700.0]]}}}
{"jsonrpc": "2.0", "method": "subscription", "params": {"channel": "book.BTC-21FEB25.none.20.100ms", "data": {"timestamp": 1739480562149, "change_id": 88032341635, "instrument_name": "BTC-21FEB25", "bids": [[96467.5, 1100.0], [96465.0, 330.0], [96462.5, 1100.0], [96460.0, 330.0], [96457.5, 1100.0], [96455.0, 2330.0], [96452.5, 3150.0], [96450.0, 1100.0], [96447.5, 10430.0], [96445.0, 10000.0], [96440.0, 1650.0], [96437.5, 5620.0], [96430.0, 2930.0], [96427.5, 5500.0], [96425.0, 3170.0], [96420.0, 1690.0], [96417.5, 5500.0], [96407.5, 1650.0], [96405.0, 5510.0], [96390.0, 6400.0]], "asks": [[96472.5, 1100.0], [96475.0, 1230.0], [96477.5, 4250.0], [96480.0, 9800.0], [96482.5, 77200.0], [96485.0, 5500.0], [96490.0, 4650.0], [96492.5, 10000.0], [96495.0, 10380.0], [96497.5, 16280.0], [96502.5, 1670.0], [96505.0, 5500.0], [96507.5, 950.0], [96510.0, 3150.0], [96517.5, 2260.0], [96520.0, 7500.0], [96525.0, 1660.0], [96530.0, 5500.0], [96537.5, 1650.0], [96540.0, 5500.0]]}}}
{"jsonrpc": "2.0", "method": "subscription", "params": {"channel": "book.BTC-14FEB25.none.20.100ms", "data": {"timestamp": 1739480562107, "change_id": 88032341615, "instrument_name": "BTC-14FEB25", "bids": [[96357.5, 11900.0], [96355.0, 2760.0], [96352.5, 4900.0], [96350.0, 7160.0], [96347.5, 8200.0], [96345.0, 1790.0], [96342.5, 4900.0], [96340.0, 16290.0], [96337.5, 54900.0], [96335.0, 10120.0], [96332.5, 2100.0], [96330.0, 10300.0], [96322.5, 100.0], [96320.0, 2110.0], [96317.5, 7000.0], [96310.0, 20.0], [96300.0, 10.0], [96287.5, 2100.0], [96285.0, 7000.0], [96282.5, 600.0]], "asks": [[96360.0, 10.0], [96367.5, 3000.0], [96370.0, 10440.0], [96375.0, 5100.0], [96377.5, 10000.0], [96380.0, 30140.0], [96382.5, 77100.0], [96387.5, 3110.0], [96390.0, 10300.0], [96400.0, 2110.0], [96402.5, 7000.0], [96410.0, 2100.0], [96412.5, 7000.0], [96420.0, 2120.0], [96422.5, 7000.0], [96425.0, 20.0], [96430.0, 2100.0], [96432.5, 7000.0], [96440.0, 10.0], [96450.0, 2700.0]]}}}
{"jsonrpc": "2.0", "method": "subscription", "params": {"channel": "book.BTC-14FEB25.none.20.100ms", "data": {"timestamp": 1739480562324, "change_id": 88032341835, "instrument_name": "BTC-14FEB25", "bids": [[96357.5, 11900.0], [96355.0, 2760.0], [96352.5, 4900.0], [96350.0, 9180.0], [96347.5, 15200.0], [96345.0, 1790.0], [96342.5, 4900.0], [96340.0, 16290.0], [96337.5, 54900.0], [96335.0, 10120.0], [96332.5, 2100.0], [96330.0, 10300.0], [96322.5, 100.0], [96320.0, 2110.0], [96317.5, 7000.0], [96310.0, 20.0], [96300.0, 10.0], [96287.5, 2100.0], [96285.0, 7000.0], [96282.5, 600.0]], "asks": [[96360.0, 10.0], [96367.5, 3000.0], [96370.0, 10440.0], [96375.0, 5100.0], [96377.5, 10000.0], [96380.0, 30140.0], [96382.5, 77100.0], [96387.5, 3110.0], [96390.0, 10300.0], [96400.0, 2110.0], [96402.5, 7000.0], [96410.0, 2100.0], [96412.5, 7000.0], [96420.0, 2120.0], [96422.5, 7000.0], [96425.0, 20.0], [96430.0, 2100.0], [96432.5, 7000.0], [96440.0, 10.0], [96450.0, 2700.0]]}}}
{"jsonrpc": "2.0", "method": "subscription", "params": {"channel": "book.BTC-21FEB25.none.20.100ms", "data": {"timestamp": 1739480562626, "change_id": 88032342153, "instrument_name": "BTC-21FEB25", "bids": [[96467.5, 1100.0], [96465.0, 330.0], [96462.5, 1100.0], [96460.0, 330.0], [96457.5, 1100.0], [96455.0, 2330.0], [96452.5, 3150.0], [96450.0, 1100.0], [96447.5, 4930.0], [96445.0, 10000.0], [96440.0, 1650.0], [96437.5, 5620.0], [96430.0, 2930.0], [96427.5, 5500.0], [96425.0, 3170.0], [96420.0, 1690.0], [96417.5, 5500.0], [96407.5, 1650.0], [96405.0, 5510.0], [96390.0, 6400.0]], "asks": [[96472.5, 1100.0], [96475.0, 1230.0], [96477.5, 4250.0], [96480.0, 9800.0], [96482.5, 77200.0], [96485.0, 5500.0], [96490.0, 4650.0], [96492.5, 10000.0], [96495.0, 10380.0], [96497.5, 16280.0], [96502.5, 1670.0], [96505.0, 5500.0], [96507.5, 950.0], [96510.0, 3150.0], [96517.5, 2260.0], [96520.0, 7500.0], [96525.0, 1660.0], [96530.0, 5500.0], [96537.5, 1650.0], [96540.0, 5500.0]]}}}
{"jsonrpc": "2.0", "method": "subscription", "params": {"channel": "book.BTC-14FEB25.none.20.100ms", "data": {"timestamp": 1739480562760, "change_id": 88032342240, "instrument_name": "BTC-14FEB25", "bids": [[96357.5, 11900.0], [96355.0, 2760.0], [96352.5, 4900.0], [96350.0, 7160.0], [96347.5, 8200.0], [96345.0, 1790.0], [96342.5, 4900.0], [96340.0, 16290.0], [96337.5, 54900.0], [96335.0, 10120.0], [96332.5, 2100.0], [96330.0, 10300.0], [96322.5, 100.0], [96320.0, 2110.0], [96317.5, 7000.0], [96310.0, 20.0], [96300.0, 10.0], [96287.5, 2100.0], [96285.0, 7000.0], [96282.5, 600.0]], "asks": [[96360.0, 10.0], [96367.5, 3000.0], [96370.0, 10440.0], [96375.0, 5100.0], [96377.5, 10000.0], [96380.0, 30140.0], [96382.5, 77100.0], [96387.5, 3110.0], [96390.0, 10300.0], [96400.0, 2110.0], [96402.5, 7000.0], [96410.0, 2100.0], [96412.5, 7000.0], [96420.0, 2120.0], [96422.5, 7000.0], [96425.0, 20.0], [96430.0, 2100.0], [96432.5, 7000.0], [96440.0, 10.0], [96450.0, 2700.0]]}}}
{"jsonrpc": "2.0", "method": "subscription", "params": {"channel": "book.BTC-14FEB25.none.20.100ms", "data": {"timestamp": 1739480563211, "change_id": 88032343055, "instrument_name": "BTC-14FEB25", "bids": [[96357.5, 4900.0], [96355.0, 2760.0], [96352.5, 4900.0], [96350.0, 7160.0], [96347.5, 8200.0], [96345.0, 1790.0], [96342.5, 4900.0], [96340.0, 16290.0], [96337.5, 54900.0], [96335.0, 10120.0], [96332.5, 2100.0], [96330.0, 7000.0], [96322.5, 100.0], [96320.0, 2110.0], [96317.5, 7000.0], [96310.0, 20.0], [96302.5, 990.0], [96300.0, 3310.0], [96287.5, 2100.0], [96285.0, 7000.0]], "asks": [[96360.0, 7010.0], [96367.5, 3000.0], [96370.0, 10440.0], [96375.0, 5100.0], [96377.5, 10000.0], [96380.0, 30140.0], [96382.5, 77100.0], [96387.5, 3110.0], [96390.0, 10300.0], [96400.0, 2110.0], [96402.5, 7000.0], [96410.0, 2100.0], [96412.5, 7000.0], [96420.0, 2120.0], [96422.5, 7000.0], [96425.0, 20.0], [96430.0, 2100.0], [96432.5, 7000.0], [96440.0, 10.0], [96450.0, 2700.0]]}}}
{"jsonrpc": "2.0", "method": "subscription", "params": {"channel": "book.BTC-14FEB25.none.20.100ms", "data": {"timestamp": 1739480563522, "change_id": 88032343364, "instrument_name": "BTC-14FEB25", "bids": [[96357.5, 11900.0], [96355.0, 2760.0], [96352.5, 4900.0], [96350.0, 7160.0], [96347.5, 8200.0], [96345.0, 1790.0], [96342.5, 4900.0], [96340.0, 16290.0], [96337.5, 54900.0], [96335.0, 10120.0], [96332.5, 2100.0], [96330.0, 7000.0], [96322.5, 100.0], [96320.0, 2110.0], [96317.5, 7000.0], [96310.0, 20.0], [96302.5, 990.0], [96300.0, 3310.0], [96287.5, 2100.0], [96285.0, 7000.0]], "asks": [[96360.0, 10.0], [96367.5, 3000.0], [96370.0, 10440.0], [96375.0, 5100.0], [96377.5, 10000.0], [96380.0, 30140.0], [96382.5, 77100.0], [96387.5, 3110.0], [96390.0, 10300.0], [96400.0, 2110.0], [96402.5, 7000.0], [96410.0, 2100.0], [96412.5, 7000.0], [96420.0, 2120.0], [96422.5, 7000.0], [96425.0, 20.0], [96430.0, 2100.0], [96432.5, 7000.0], [96440.0, 10.0], [96450.0, 2700.0]]}}}
{"jsonrpc": "2.0", "method": "subscription", "params": {"channel": "book.BTC-14FEB25.none.20.100ms", "data": {"timestamp": 1739480563698, "change_id": 88032343505, "instrument_name": "BTC-14FEB25", "bids": [[96357.5, 11900.0], [96355.0, 2760.0], [96352.5, 4900.0], [96350.0, 7160.0], [96347.5, 8200.0], [96345.0, 1790.0], [96342.5, 4900.0], [96340.0, 16290.0], [96337.5, 54900.0], [96335.0, 10120.0], [96332.5, 2100.0], [96330.0, 7000.0], [96322.5, 100.0], [96320.0, 2110.0], [96317.5, 7000.0], [96310.0, 20.0], [96302.5, 990.0], [96300.0, 3310.0], [96287.5, 2100.0], [96285.0, 7000.0]], "asks": [[96360.0, 10.0], [96367.5, 3000.0], [96370.0, 10440.0], [96375.0, 5100.0], [96377.5, 10000.0], [96380.0, 30140.0], [96382.5, 77100.0], [96387.5, 3110.0], [96390.0, 10300.0], [96400.0, 2110.0], [96402.5, 7000.0], [96410.0, 2100.0], [96412.5, 7000.0], [96420.0, 2120.0], [96422.5, 7000.0], [96425.0, 20.0], [96430.0, 2100.0], [96432.5, 7000.0], [96440.0, 10.0], [96450.0, 2700.0]]}}}
{"jsonrpc": "2.0", "method": "subscription", "params": {"channel": "book.BTC-14FEB25.none.20.100ms", "data": {"timestamp": 1739480564053, "change_id": 88032343883, "instrument_name": "BTC-14FEB25", "bids": [[96357.5, 11900.0], [96355.0, 2760.0], [96352.5, 4900.0], [96350.0, 9180.0], [96347.5, 15200.0], [96345.0, 1790.0], [96342.5, 4900.0], [96340.0, 16290.0], [96337.5, 54900.0], [96335.0, 10120.0], [96332.5, 2100.0], [96330.0, 7000.0], [96322.5, 100.0], [96320.0, 2110.0], [96317.5, 7000.0], [96310.0, 20.0], [96302.5, 990.0], [96300.0, 3310.0], [96287.5, 2100.0], [96285.0, 7000.0]], "asks": [[96360.0, 10.0], [96367.5, 3000.0], [96370.0, 10440.0], [96375.0, 5100.0], [96377.5, 10000.0], [96380.0, 30140.0], [96382.5, 77100.0], [96387.5, 3110.0], [96390.0, 10300.0], [96400.0, 2110.0], [96402.5, 7000.0], [96410.0, 2100.0], [96412.5, 7000.0], [96420.0, 2120.0], [96422.5, 7000.0], [96425.0, 20.0], [96430.0, 2100.0], [96432.5, 7000.0], [96440.0, 10.0], [96450.0, 2700.0]]}}}
{"jsonrpc": "2.0", "method": "subscription", "params": {"channel": "book.BTC-21FEB25.none.20.100ms", "data": {"timestamp": 1739480564521, "change_id": 88032344547, "instrument_name": "BTC-21FEB25", "bids": [[96467.5, 1100.0], [96465.0, 330.0], [96462.5, 1100.0], [96460.0, 330.0], [96457.5, 1100.0], [96455.0, 2330.0], [96452.5, 3150.0], [96450.0, 1100.0], [96447.5, 10430.0], [96445.0, 10000.0], [96440.0, 1650.0], [96437.5, 5620.0], [96430.0, 2930.0], [96427.5, 5500.0], [96425.0, 3170.0], [96420.0, 1690.0], [96417.5, 5500.0], [96407.5, 1650.0], [96405.0, 5510.0], [96390.0, 6400.0]], "asks": [[96472.5, 1100.0], [96475.0, 1230.0], [96477.5, 4250.0], [96480.0, 1100.0], [96482.5, 77200.0], [96485.0, 5500.0], [96490.0, 4650.0], [96492.5, 10000.0], [96495.0, 10380.0], [96497.5, 16280.0], [96502.5, 1670.0], [96505.0, 5500.0], [96507.5, 950.0], [96510.0, 3150.0], [96517.5, 2260.0], [96520.0, 7500.0], [96525.0, 1660.0], [96530.0, 5500.0], [96537.5, 1650.0], [96540.0, 5500.0]]}}}
{"jsonrpc": "2.0", "method": "subscription", "params": {"channel": "book.BTC-14FEB25.none.20.100ms", "data": {"timestamp": 1739480564531, "change_id": 88032344567, "instrument_name": "BTC-14FEB25", "bids": [[96357.5, 11900.0], [96355.0, 2760.0], [96352.5, 4900.0], [96350.0, 9180.0], [96347.5, 15200.0], [96345.0, 1790.0], [96342.5, 4900.0], [96340.0, 16290.0], [96337.5, 54900.0], [96335.0, 10120.0], [96332.5, 2100.0], [96330.0, 10300.0], [96322.5, 100.0], [96320.0, 2110.0], [96317.5, 7000.0], [96310.0, 20.0], [96300.0, 10.0], [96287.5, 2100.0], [96285.0, 7000.0], [96282.5, 600.0]], "asks": [[96360.0, 10.0], [96367.5, 1030.0], [96370.0, 3440.0], [96375.0, 5100.0], [96377.5, 10000.0], [96380.0, 30140.0], [96382.5, 77100.0], [96387.5, 3110.0], [96390.0, 10300.0], [96400.0, 2110.0], [96402.5, 7000.0], [96410.0, 2100.0], [96412.5, 7000.0], [96420.0, 2120.0], [96422.5, 7000.0], [96425.0, 20.0], [96430.0, 2100.0], [96432.5, 7000.0], [96440.0, 10.0], [96450.0, 2700.0]]}}}
{"jsonrpc": "2.0", "method": "subscription", "params": {"channel": "book.BTC-14FEB25.none.20.100ms", "data": {"timestamp": 1739480564758, "change_id": 88032345040, "instrument_name": "BTC-14FEB25", "bids": [[96357.5, 11900.0], [96355.0, 2760.0], [96352.5, 4900.0], [96350.0, 9180.0], [96347.5, 15200.0], [96345.0, 1790.0], [96342.5, 4900.0], [96340.0, 16290.0], [96337.5, 54900.0], [96335.0, 10120.0], [96332.5, 2100.0], [96330.0, 10300.0], [96322.5, 100.0], [96320.0, 2110.0], [96317.5, 7000.0], [96310.0, 20.0], [96300.0, 10.0], [96287.5, 2100.0], [96285.0, 7000.0], [96282.5, 600.0]], "asks": [[96360.0, 10.0], [96367.5, 1030.0], [96370.0, 3440.0], [96375.0, 5100.0], [96377.5, 10000.0], [96380.0, 30140.0], [96382.5, 77100.0], [96387.5, 3110.0], [96390.0, 10300.0], [96400.0, 2110.0], [96402.5, 7000.0], [96410.0, 2100.0], [96412.5, 7000.0], [96420.0, 2120.0], [96422.5, 7000.0], [96425.0, 20.0], [96430.0, 2100.0], [96432.5, 7000.0], [96440.0, 10.0], [96450.0, 2700.0]]}}}
{"jsonrpc": "2.0", "method": "subscription", "params": {"channel": "book.BTC-21FEB25.none.20.100ms", "data": {"timestamp": 1739480564760, "change_id": 88032345046, "instrument_name": "BTC-21FEB25", "bids": [[96470.0, 1430.0], [96467.5, 1100.0], [96465.0, 1230.0], [96462.5, 1100.0], [96460.0, 3480.0], [96457.5, 1100.0], [96455.0, 1430.0], [96450.0, 1100.0], [96447.5, 10430.0], [96445.0, 10000.0], [96440.0, 1650.0], [96437.5, 5620.0], [96430.0, 2930.0], [96427.5, 5500.0], [96425.0, 3170.0], [96420.0, 1690.0], [96417.5, 5500.0], [96407.5, 1650.0], [96405.0, 5510.0], [96390.0, 6400.0]], "asks": [[96475.0, 1230.0], [96477.5, 1100.0], [96480.0, 1100.0], [96482.5, 77200.0], [96485.0, 3150.0], [96490.0, 4650.0], [96492.5, 10000.0], [96495.0, 10380.0], [96497.5, 16280.0], [96502.5, 1670.0], [96505.0, 5500.0], [96507.5, 950.0], [96510.0, 3150.0], [96517.5, 2260.0], [96520.0, 7500.0], [96525.0, 1660.0], [96530.0, 5500.0], [96537.5, 1650.0], [96540.0, 5500.0], [96542.5, 20.0]]}}}
{"jsonrpc": "2.0", "method": "subscription", "params": {"channel": "book.BTC-21FEB25.none.20.100ms", "data": {"timestamp": 1739480565116, "change_id": 88032345698, "instrument_name": "BTC-21FEB25", "bids": [[96470.0, 1430.0], [96467.5, 1100.0], [96465.0, 1230.0], [96462.5, 1100.0], [96460.0, 3480.0], [96457.5, 1100.0], [96455.0, 330.0], [96450.0, 1100.0], [96447.5, 10430.0], [96445.0, 10000.0], [96440.0, 1650.0], [96437.5, 5620.0], [96430.0, 2930.0], [96427.5, 5500.0], [96425.0, 3170.0], [96420.0, 1690.0], [96417.5, 5500.0], [96407.5, 1650.0], [96405.0, 5510.0], [96390.0, 6400.0]], "asks": [[96475.0, 130.0], [96480.0, 1100.0], [96482.5, 77200.0], [96485.0, 3150.0], [96490.0, 4650.0], [96492.5, 10000.0], [96495.0, 10380.0], [96497.5, 16280.0], [96502.5, 1670.0], [96505.0, 5500.0], [96507.5, 950.0], [96510.0, 3150.0], [96517.5, 2260.0], [96520.0, 7500.0], [96525.0, 1660.0], [96530.0, 5500.0], [96537.5, 1650.0], [96540.0, 5500.0], [96542.5, 20.0], [96547.5, 1650.0]]}}}
{"jsonrpc": "2.0", "method": "subscription", "params": {"channel": "book.BTC-21FEB25.none.20.100ms", "data": {"timestamp": 1739480565411, "change_id": 88032346015, "instrument_name": "BTC-21FEB25", "bids": [[96470.0, 1430.0], [96467.5, 1100.0], [96465.0, 1230.0], [96462.5, 1100.0], [96460.0, 6440.0], [96457.5, 1100.0], [96455.0, 10330.0], [96450.0, 3080.0], [96447.5, 6600.0], [96440.0, 1650.0], [96437.5, 5620.0], [96430.0, 2930.0], [96427.5, 5500.0], [96425.0, 3170.0], [96420.0, 1690.0], [96417.5, 5500.0], [96407.5, 1650.0], [96405.0, 5510.0], [96390.0, 6400.0], [96387.5, 7540.0]], "asks": [[96475.0, 130.0], [96480.0, 1100.0], [96482.5, 77200.0], [96485.0, 3150.0], [96490.0, 4650.0], [96492.5, 10000.0], [96495.0, 10380.0], [96497.5, 16280.0], [96502.5, 1670.0], [96505.0, 5500.0], [96507.5, 950.0], [96510.0, 3150.0], [96517.5, 2260.0], [96520.0, 7500.0], [96525.0, 1660.0], [96530.0, 5500.0], [96537.5, 1650.0], [96540.0, 5500.0], [96542.5, 20.0], [96547.5, 1650.0]]}}}
{"jsonrpc": "2.0", "method": "subscription", "params": {"channel": "book.BTC-14FEB25.none.20.100ms", "data": {"timestamp": 1739480565387, "change_id": 88032346001, "instrument_name": "BTC-14FEB25", "bids": [[96357.5, 11900.0], [96355.0, 2760.0], [96352.5, 4900.0], [96350.0, 9180.0], [96347.5, 15200.0], [96345.0, 1790.0], [96342.5, 4900.0], [96340.0, 16290.0], [96337.5, 54900.0], [96335.0, 10120.0], [96332.5, 2100.0], [96330.0, 10300.0], [96322.5, 100.0], [96320.0, 2110.0], [96317.5, 7000.0], [96310.0, 20.0], [96300.0, 10.0], [96287.5, 2100.0], [96285.0, 7000.0], [96282.5, 600.0]], "asks": [[96360.0, 10.0], [96367.5, 1030.0], [96370.0, 3440.0], [96375.0, 5100.0], [96377.5, 10000.0], [96380.0, 30140.0], [96382.5, 77100.0], [96387.5, 3110.0], [96390.0, 10300.0], [96400.0, 2110.0], [96402.5, 7000.0], [96410.0, 2100.0], [96412.5, 7000.0], [96420.0, 2120.0], [96422.5, 7000.0], [96425.0, 20.0], [96430.0, 2100.0], [96432.5, 7000.0], [96440.0, 10.0], [96450.0, 2700.0]]}}}
{"jsonrpc": "2.0", "method": "subscription", "params": {"channel": "book.BTC-14FEB25.none.20.100ms", "data": {"timestamp": 1739480565781, "change_id": 88032346604, "instrument_name": "BTC-14FEB25", "bids": [[96357.5, 11900.0], [96355.0, 2760.0], [96352.5, 4900.0], [96350.0, 9180.0], [96347.5, 15200.0], [96345.0, 1790.0], [96342.5, 4900.0], [96340.0, 16290.0], [96337.5, 54900.0], [96335.0, 10120.0], [96332.5, 2100.0], [96330.0, 10300.0], [96322.5, 100.0], [96320.0, 2110.0], [96317.5, 7000.0], [96310.0, 20.0], [96300.0, 10.0], [96287.5, 2100.0], [96285.0, 7000.0], [96282.5, 600.0]], "asks": [[96360.0, 10.0], [96367.5, 1030.0], [96370.0, 3440.0], [96375.0, 5100.0], [96377.5, 10000.0], [96380.0, 30140.0], [96382.5, 77100.0], [96387.5, 3110.0], [96390.0, 10300.0], [96400.0, 2110.0], [96402.5, 7000.0], [96410.0, 2100.0], [96412.5, 7000.0], [96420.0, 2120.0], [96422.5, 7000.0], [96425.0, 20.0], [96430.0, 2100.0], [96432.5, 7000.0], [96440.0, 10.0], [96450.0, 2700.0]]}}}
{"jsonrpc": "2.0", "method": "subscription", "params": {"channel": "book.BTC-21FEB25.none.20.100ms", "data": {"timestamp": 1739480565824, "change_id": 88032346640, "instrument_name": "BTC-21FEB25", "bids": [[96470.0, 1430.0], [96467.5, 1100.0], [96465.0, 1230.0], [96462.5, 1100.0], [96460.0, 6440.0], [96457.5, 1100.0], [96455.0, 11940.0], [96450.0, 6930.0], [96447.5, 1100.0], [96440.0, 1650.0], [96437.5, 5620.0], [96430.0, 2930.0], [96427.5, 5500.0], [96425.0, 3170.0], [96420.0, 1690.0], [96417.5, 5500.0], [96407.5, 1650.0], [96405.0, 5510.0], [96390.0, 1660.0], [96387.5, 7540.0]], "asks": [[96475.0, 130.0], [96480.0, 1100.0], [96482.5, 77200.0], [96485.0, 8650.0], [96490.0, 4650.0], [96492.5, 10000.0], [96495.0, 10380.0], [96497.5, 16280.0], [96502.5, 1670.0], [96505.0, 5500.0], [96507.5, 950.0], [96510.0, 3150.0], [96517.5, 2260.0], [96520.0, 7500.0], [96525.0, 1660.0], [96530.0, 5500.0], [96537.5, 1650.0], [96540.0, 5500.0], [96542.5, 20.0], [96547.5, 1650.0]]}}}
{"jsonrpc": "2.0", "method": "subscription", "params": {"channel": "book.BTC-21FEB25.none.20.100ms", "data": {"timestamp": 1739480566148, "change_id": 88032347170, "instrument_name": "BTC-21FEB25", "bids": [[96472.5, 1100.0], [96470.0, 330.0], [96467.5, 1100.0], [96465.0, 1230.0], [96462.5, 1100.0], [96460.0, 6440.0], [96457.5, 1100.0], [96455.0, 10330.0], [96440.0, 1650.0], [96437.5, 5620.0], [96430.0, 2930.0], [96427.5, 5500.0], [96425.0, 3170.0], [96420.0, 1690.0], [96417.5, 5500.0], [96407.5, 1650.0], [96405.0, 10380.0], [96402.5, 16220.0], [96390.0, 1660.0], [96387.5, 7540.0]], "asks": [[96475.0, 1230.0], [96480.0, 1100.0], [96482.5, 77200.0], [96485.0, 3150.0], [96490.0, 4650.0], [96492.5, 10000.0], [96495.0, 10380.0], [96497.5, 16280.0], [96502.5, 1670.0], [96505.0, 5500.0], [96507.5, 950.0], [96510.0, 3150.0], [96517.5, 2260.0], [96520.0, 7500.0], [96525.0, 1660.0], [96530.0, 5500.0], [96537.5, 1650.0], [96540.0, 5500.0], [96542.5, 20.0], [96547.5, 1650.0]]}}}
{"jsonrpc": "2.0", "method": "subscription", "params": {"channel": "book.BTC-14FEB25.none.20.100ms", "data": {"timestamp": 1739480566030, "change_id": 88032346940, "instrument_name": "BTC-14FEB25", "bids": [[96357.5, 11900.0], [96355.0, 2760.0], [96352.5, 4900.0], [96350.0, 9180.0], [96347.5, 15200.0], [96345.0, 1790.0], [96342.5, 4900.0], [96340.0, 16290.0], [96337.5, 54900.0], [96335.0, 10120.0], [96332.5, 2100.0], [96330.0, 10300.0], [96325.0, 100.0], [96320.0, 2110.0], [96317.5, 7000.0], [96310.0, 20.0], [96300.0, 10.0], [96287.5, 2100.0], [96285.0, 7000.0], [96282.5, 600.0]], "asks": [[96360.0, 10.0], [96367.5, 1030.0], [96370.0, 3440.0], [96375.0, 5100.0], [96377.5, 10000.0], [96380.0, 30140.0], [96382.5, 77100.0], [96387.5, 3110.0], [96390.0, 10300.0], [96400.0, 2110.0], [96402.5, 7000.0], [96410.0, 2100.0], [96412.5, 7000.0], [96420.0, 2120.0], [96422.5, 7000.0], [96425.0, 20.0], [96430.0, 2100.0], [96432.5, 7000.0], [96440.0, 10.0], [96450.0, 2700.0]]}}}
{"jsonrpc": "2.0", "method": "subscription", "params": {"channel": "book.BTC-21FEB25.none.20.100ms", "data": {"timestamp": 1739480566297, "change_id": 88032347359, "instrument_name": "BTC-21FEB25", "bids": [[96472.5, 1100.0], [96470.0, 330.0], [96467.5, 1100.0], [96465.0, 1230.0], [96462.5, 1100.0], [96460.0, 6440.0], [96457.5, 1100.0], [96455.0, 10330.0], [96440.0, 1650.0], [96437.5, 5620.0], [96430.0, 2930.0], [96427.5, 5500.0], [96425.0, 3170.0], [96420.0, 1690.0], [96417.5, 5500.0], [96407.5, 1650.0], [96405.0, 10380.0], [96402.5, 16220.0], [96390.0, 1660.0], [96387.5, 7540.0]], "asks": [[96475.0, 1230.0], [96480.0, 1100.0], [96482.5, 77200.0], [96485.0, 3150.0], [96490.0, 4650.0], [96492.5, 10000.0], [96495.0, 10380.0], [96497.5, 16280.0], [96502.5, 1670.0], [96505.0, 5500.0], [96507.5, 950.0], [96510.0, 3150.0], [96517.5, 2260.0], [96520.0, 7500.0], [96525.0, 1660.0], [96530.0, 5500.0], [96537.5, 1650.0], [96540.0, 5500.0], [96542.5, 20.0], [96547.5, 1650.0]]}}}
{"jsonrpc": "2.0", "method": "subscription", "params": {"channel": "book.BTC-21FEB25.none.20.100ms", "data": {"timestamp": 1739480566553, "change_id": 88032347590, "instrument_name": "BTC-21FEB25", "bids": [[96472.5, 1100.0], [96470.0, 330.0], [96467.5, 1100.0], [96465.0, 1230.0], [96462.5, 1100.0], [96460.0, 6440.0], [96457.5, 1100.0], [96455.0, 10330.0], [96440.0, 1650.0], [96437.5, 5620.0], [96430.0, 2930.0], [96427.5, 5500.0], [96425.0, 3170.0], [96420.0, 1690.0], [96417.5, 5500.0], [96407.5, 1650.0], [96405.0, 10380.0], [96402.5, 16220.0], [96390.0, 1660.0], [96387.5, 7540.0]], "asks": [[96475.0, 1230.0], [96480.0, 1100.0], [96482.5, 77200.0], [96485.0, 3150.0], [96490.0, 4650.0], [96492.5, 10000.0], [96495.0, 10380.0], [96497.5, 16280.0], [96502.5, 1670.0], [96505.0, 5500.0], [96507.5, 950.0], [96510.0, 3150.0], [96517.5, 2260.0], [96520.0, 7500.0], [96525.0, 1660.0], [96530.0, 5500.0], [96537.5, 1650.0], [96540.0, 5500.0], [96542.5, 20.0], [96547.5, 1650.0]]}}}
{"jsonrpc": "2.0", "method": "subscription", "params": {"channel": "book.BTC-14FEB25.none.20.100ms", "data": {"timestamp": 1739480567066, "change_id": 88032348140, "instrument_name": "BTC-14FEB25", "bids": [[96357.5, 11900.0], [96355.0, 2760.0], [96352.5, 4900.0], [96350.0, 9180.0], [96347.5, 15200.0], [96345.0, 1790.0], [96342.5, 4900.0], [96340.0, 16290.0], [96337.5, 54900.0], [96335.0, 10120.0], [96332.5, 2100.0], [96330.0, 10300.0], [96325.0, 100.0], [96320.0, 2110.0], [96317.5, 7000.0], [96310.0, 20.0], [96300.0, 10.0], [96287.5, 2100.0], [96285.0, 7000.0], [96282.5, 600.0]], "asks": [[96360.0, 10.0], [96367.5, 3000.0], [96370.0, 10440.0], [96375.0, 5100.0], [96377.5, 10000.0], [96380.0, 30140.0], [96382.5, 77100.0], [96387.5, 3110.0], [96390.0, 10300.0], [96400.0, 2110.0], [96402.5, 7000.0], [96410.0, 2100.0], [96412.5, 7000.0], [96420.0, 2120.0], [96422.5, 7000.0], [96425.0, 20.0], [96430.0, 2100.0], [96432.5, 7000.0], [96440.0, 10.0], [96450.0, 2700.0]]}}}
{"jsonrpc": "2.0", "method": "subscription", "params": {"channel": "book.BTC-21FEB25.none.20.100ms", "data": {"timestamp": 1739480567515, "change_id": 88032348852, "instrument_name": "BTC-21FEB25", "bids": [[96472.5, 1100.0], [96470.0, 330.0], [96467.5, 1100.0], [96465.0, 1230.0], [96462.5, 1100.0], [96460.0, 6440.0], [96457.5, 1100.0], [96455.0, 12390.0], [96452.5, 5500.0], [96450.0, 3150.0], [96440.0, 1650.0], [96437.5, 5620.0], [96430.0, 1660.0], [96427.5, 5500.0], [96425.0, 20.0], [96420.0, 1690.0], [96417.5, 5500.0], [96407.5, 1650.0], [96405.0, 10380.0], [96402.5, 16220.0]], "asks": [[96475.0, 130.0], [96480.0, 1100.0], [96482.5, 77200.0], [96485.0, 3150.0], [96490.0, 4650.0], [96492.5, 10000.0], [96495.0, 10380.0], [96497.5, 16280.0], [96502.5, 1670.0], [96505.0, 5500.0], [96507.5, 950.0], [96510.0, 3150.0], [96517.5, 2260.0], [96520.0, 7500.0], [96525.0, 1660.0], [96530.0, 5500.0], [96537.5, 1650.0], [96540.0, 5500.0], [96542.5, 20.0], [96547.5, 1650.0]]}}}
{"jsonrpc": "2.0", "method": "subscription", "params": {"channel": "book.BTC-14FEB25.none.20.100ms", "data": {"timestamp": 1739480567519, "change_id": 88032348864, "instrument_name": "BTC-14FEB25", "bids": [[96357.5, 11900.0], [96355.0, 6060.0], [96352.5, 4900.0], [96350.0, 9180.0], [96347.5, 11900.0], [96345.0, 1790.0], [96342.5, 4900.0], [96340.0, 16290.0], [96337.5, 54900.0], [96335.0, 10120.0], [96332.5, 2100.0], [96330.0, 10300.0], [96325.0, 100.0], [96320.0, 2110.0], [96317.5, 7000.0], [96310.0, 20.0], [96300.0, 10.0], [96287.5, 2100.0], [96285.0, 7000.0], [96282.5, 600.0]], "asks": [[96360.0, 10.0], [96367.5, 1030.0], [96370.0, 3440.0], [96375.0, 5100.0], [96377.5, 10000.0], [96380.0, 30140.0], [96382.5, 77100.0], [96387.5, 3110.0], [96390.0, 10300.0], [96400.0, 2110.0], [96402.5, 7000.0], [96410.0, 2100.0], [96412.5, 7000.0], [96420.0, 2120.0], [96422.5, 7000.0], [96425.0, 20.0], [96430.0, 2100.0], [96432.5, 7000.0], [96440.0, 10.0], [96450.0, 2700.0]]}}}
{"jsonrpc": "2.0", "method": "subscription", "params": {"channel": "book.BTC-21FEB25.none.20.100ms", "data": {"timestamp": 1739480567533, "change_id": 88032349295, "instrument_name": "BTC-21FEB25", "bids": [[96472.5, 1100.0], [96470.0, 1230.0], [96467.5, 4250.0], [96465.0, 330.0], [96462.5, 1100.0], [96460.0, 3290.0], [96457.5, 1100.0], [96455.0, 12390.0], [96452.5, 5500.0], [96450.0, 3150.0], [96440.0, 1650.0], [96437.5, 5620.0], [96430.0, 1660.0], [96427.5, 5500.0], [96425.0, 20.0], [96420.0, 1690.0], [96417.5, 5500.0], [96407.5, 1650.0], [96405.0, 10380.0], [96402.5, 16220.0]], "asks": [[96475.0, 130.0], [96480.0, 1100.0], [96482.5, 77200.0], [96485.0, 3150.0], [96490.0, 1650.0], [96495.0, 5500.0], [96502.5, 4460.0], [96505.0, 15500.0], [96507.5, 950.0], [96510.0, 3150.0], [96517.5, 2260.0], [96520.0, 7500.0], [96525.0, 1660.0], [96530.0, 5500.0], [96537.5, 1650.0], [96540.0, 5500.0], [96542.5, 20.0], [96547.5, 6310.0], [96550.0, 21710.0], [96557.5, 1650.0]]}}}
{"jsonrpc": "2.0", "method": "subscription", "params": {"channel": "book.BTC-14FEB25.none.20.100ms", "data": {"timestamp": 1739480567773, "change_id": 88032349235, "instrument_name": "BTC-14FEB25", "bids": [[96357.5, 21810.0], [96355.0, 6060.0], [96352.5, 4900.0], [96350.0, 9180.0], [96347.5, 11900.0], [96345.0, 1790.0], [96342.5, 4900.0], [96340.0, 16290.0], [96337.5, 54900.0], [96335.0, 10120.0], [96332.5, 2100.0], [96330.0, 10300.0], [96325.0, 100.0], [96320.0, 2110.0], [96317.5, 7000.0], [96310.0, 20.0], [96300.0, 10.0], [96287.5, 2100.0], [96285.0, 7000.0], [96282.5, 600.0]], "asks": [[96360.0, 10.0], [96370.0, 140.0], [96375.0, 5100.0], [96377.5, 13300.0], [96380.0, 30140.0], [96382.5, 77100.0], [96387.5, 2120.0], [96390.0, 7000.0], [96400.0, 2110.0], [96402.5, 7000.0], [96410.0, 2100.0], [96412.5, 7000.0], [96417.5, 990.0], [96420.0, 5420.0], [96422.5, 7000.0], [96425.0, 20.0], [96430.0, 2100.0], [96432.5, 7000.0], [96440.0, 10.0], [96450.0, 2700.0]]}}}
{"jsonrpc": "2.0", "method": "subscription", "params": {"channel": "book.BTC-14FEB25.none.20.100ms", "data": {"timestamp": 1739480567923, "change_id": 88032349430, "instrument_name": "BTC-14FEB25", "bids": [[96357.5, 21810.0], [96355.0, 6060.0], [96352.5, 4900.0], [96350.0, 9180.0], [96347.5, 11900.0], [96345.0, 1790.0], [96342.5, 4900.0], [96340.0, 16290.0], [96337.5, 54900.0], [96335.0, 10120.0], [96332.5, 2100.0], [96330.0, 10300.0], [96325.0, 100.0], [96320.0, 2110.0], [96317.5, 7000.0], [96310.0, 20.0], [96300.0, 10.0], [96287.5, 2100.0], [96285.0, 7000.0], [96282.5, 600.0]], "asks": [[96360.0, 10.0], [96370.0, 140.0], [96375.0, 5100.0], [96377.5, 13300.0], [96380.0, 7010.0], [96387.5, 2120.0], [96390.0, 7000.0], [96400.0, 2110.0], [96402.5, 7000.0], [96410.0, 2100.0], [96412.5, 7000.0], [96417.5, 990.0], [96420.0, 5420.0], [96422.5, 7000.0], [96425.0, 20.0], [96430.0, 2100.0], [96432.5, 7000.0], [96440.0, 10.0], [96450.0, 2700.0], [96452.5, 7000.0]]}}}
{"jsonrpc": "2.0", "method": "subscription", "params": {"channel": "book.BTC-21FEB25.none.20.100ms", "data": {"timestamp": 1739480568148, "change_id": 88032349895, "instrument_name": "BTC-21FEB25", "bids": [[96472.5, 1100.0], [96470.0, 1230.0], [96467.5, 4250.0], [96465.0, 330.0], [96462.5, 1100.0], [96460.0, 3290.0], [96457.5, 1100.0], [96455.0, 12390.0], [96452.5, 5500.0], [96450.0, 3150.0], [96440.0, 1650.0], [96437.5, 5620.0], [96430.0, 1660.0], [96427.5, 5500.0], [96425.0, 20.0], [96420.0, 1690.0], [96417.5, 5500.0], [96407.5, 1650.0], [96405.0, 10380.0], [96402.5, 16220.0]], "asks": [[96475.0, 130.0], [96480.0, 1100.0], [96482.5, 20.0], [96485.0, 3150.0], [96490.0, 1650.0], [96495.0, 5500.0], [96497.5, 4800.0], [96500.0, 15990.0], [96502.5, 4460.0], [96505.0, 15500.0], [96507.5, 950.0], [96510.0, 3150.0], [96517.5, 2260.0], [96520.0, 7500.0], [96525.0, 1660.0], [96530.0, 5500.0], [96537.5, 1650.0], [96540.0, 5500.0], [96542.5, 20.0], [96547.5, 1650.0]]}}}
{"jsonrpc": "2.0", "method": "subscription", "params": {"channel": "book.BTC-14FEB25.none.20.100ms", "data": {"timestamp": 1739480568244, "change_id": 88032350076, "instrument_name": "BTC-14FEB25", "bids": [[96357.5, 21810.0], [96355.0, 6060.0], [96352.5, 4900.0], [96350.0, 9180.0], [96347.5, 11900.0], [96345.0, 1790.0], [96342.5, 4900.0], [96340.0, 16290.0], [96337.5, 54900.0], [96335.0, 10120.0], [96332.5, 2100.0], [96330.0, 10300.0], [96325.0, 100.0], [96320.0, 2110.0], [96317.5, 7000.0], [96310.0, 20.0], [96300.0, 10.0], [96287.5, 2100.0], [96285.0, 7000.0], [96282.5, 600.0]], "asks": [[96360.0, 10.0], [96370.0, 140.0], [96375.0, 5100.0], [96377.5, 13300.0], [96380.0, 7010.0], [96387.5, 2120.0], [96390.0, 7000.0], [96400.0, 2110.0], [96402.5, 7000.0], [96410.0, 2100.0], [96412.5, 7000.0], [96417.5, 990.0], [96420.0, 5420.0], [96422.5, 7000.0], [96425.0, 20.0], [96430.0, 2100.0], [96432.5, 7000.0], [96440.0, 10.0], [96450.0, 2700.0], [96452.5, 7000.0]]}}}
{"jsonrpc": "2.0", "method": "subscription", "params": {"channel": "book.BTC-21FEB25.none.20.100ms", "data": {"timestamp": 1739480568340, "change_id": 88032350120, "instrument_name": "BTC-21FEB25", "bids": [[96472.5, 1100.0], [96470.0, 1230.0], [96467.5, 4250.0], [96465.0, 330.0], [96462.5, 1100.0], [96460.0, 3290.0], [96457.5, 1100.0], [96455.0, 12390.0], [96452.5, 5500.0], [96450.0, 3150.0], [96440.0, 1650.0], [96437.5, 5620.0], [96430.0, 1660.0], [96427.5, 5500.0], [96425.0, 20.0], [96420.0, 1690.0], [96417.5, 5500.0], [96407.5, 1650.0], [96405.0, 10380.0], [96402.5, 16220.0]], "asks": [[96475.0, 130.0], [96480.0, 1100.0], [96482.5, 20.0], [96485.0, 3150.0], [96487.5, 8400.0], [96490.0, 78840.0], [96495.0, 5500.0], [96497.5, 4800.0], [96500.0, 15990.0], [96502.5, 4460.0], [96505.0, 15500.0], [96507.5, 950.0], [96510.0, 3150.0], [96517.5, 2260.0], [96520.0, 7500.0], [96525.0, 1660.0], [96530.0, 5500.0], [96537.5, 1650.0], [96540.0, 5500.0], [96542.5, 20.0]]}}}
{"jsonrpc": "2.0", "method": "subscription", "params": {"channel": "book.BTC-14FEB25.none.20.100ms", "data": {"timestamp": 1739480568545, "change_id": 88032350302, "instrument_name": "BTC-14FEB25", "bids": [[96357.5, 21810.0], [96355.0, 6060.0], [96352.5, 4900.0], [96350.0, 9180.0], [96347.5, 11900.0], [96345.0, 1790.0], [96342.5, 4900.0], [96340.0, 16290.0], [96337.5, 54900.0], [96335.0, 10120.0], [96332.5, 2100.0], [96330.0, 10300.0], [96325.0, 100.0], [96320.0, 2110.0], [96317.5, 7000.0], [96310.0, 20.0], [96300.0, 10.0], [96287.5, 2100.0], [96285.0, 7000.0], [96282.5, 600.0]], "asks": [[96360.0, 10.0], [96370.0, 20.0], [96375.0, 5100.0], [96377.5, 13300.0], [96380.0, 7010.0], [96382.5, 120.0], [96387.5, 2120.0], [96390.0, 7000.0], [96400.0, 2110.0], [96402.5, 7000.0], [96410.0, 2100.0], [96412.5, 7000.0], [96417.5, 990.0], [96420.0, 5420.0], [96422.5, 7000.0], [96425.0, 20.0], [96430.0, 2100.0], [96432.5, 7000.0], [96440.0, 10.0], [96450.0, 2700.0]]}}}
{"jsonrpc": "2.0", "method": "subscription", "params": {"channel": "book.BTC-21FEB25.none.20.100ms", "data": {"timestamp": 1739480568877, "change_id": 88032351313, "instrument_name": "BTC-21FEB25", "bids": [[96472.5, 1100.0], [96470.0, 1230.0], [96467.5, 4250.0], [96465.0, 330.0], [96462.5, 1100.0], [96460.0, 3290.0], [96457.5, 1100.0], [96455.0, 12390.0], [96452.5, 5500.0], [96450.0, 3150.0], [96447.5, 120.0], [96440.0, 1650.0], [96437.5, 5500.0], [96430.0, 1660.0], [96427.5, 5500.0], [96425.0, 20.0], [96420.0, 1690.0], [96417.5, 5500.0], [96407.5, 1650.0], [96405.0, 10380.0]], "asks": [[96475.0, 10.0], [96480.0, 1100.0], [96482.5, 20.0], [96485.0, 3150.0], [96487.5, 120.0], [96490.0, 78840.0], [96495.0, 5500.0], [96502.5, 4460.0], [96505.0, 15500.0], [96507.5, 950.0], [96510.0, 3150.0], [96517.5, 2260.0], [96520.0, 7500.0], [96525.0, 17900.0], [96530.0, 5500.0], [96537.5, 1650.0], [96540.0, 5500.0], [96542.5, 20.0], [96547.5, 1650.0], [96550.0, 5500.0]]}}}
{"jsonrpc": "2.0", "method": "subscription", "params": {"channel": "book.BTC-14FEB25.none.20.100ms", "data": {"timestamp": 1739480569108, "change_id": 88032351285, "instrument_name": "BTC-14FEB25", "bids": [[96357.5, 21810.0], [96355.0, 6060.0], [96352.5, 4900.0], [96350.0, 9180.0], [96347.5, 11900.0], [96345.0, 1910.0], [96342.5, 4900.0], [96340.0, 16290.0], [96337.5, 54900.0], [96335.0, 10000.0], [96332.5, 2100.0], [96330.0, 10300.0], [96325.0, 100.0], [96320.0, 2110.0], [96317.5, 7000.0], [96310.0, 20.0], [96300.0, 10.0], [96287.5, 2100.0], [96285.0, 7000.0], [96282.5, 600.0]], "asks": [[96360.0, 10.0], [96370.0, 20.0], [96377.5, 2970.0], [96380.0, 10310.0], [96382.5, 120.0], [96387.5, 2120.0], [96390.0, 10300.0], [96392.5, 10000.0], [96400.0, 2110.0], [96402.5, 7000.0], [96410.0, 2100.0], [96412.5, 7000.0], [96420.0, 2120.0], [96422.5, 7000.0], [96425.0, 20.0], [96430.0, 2100.0], [96432.5, 7000.0], [96440.0, 10.0], [96450.0, 2700.0], [96452.5, 7000.0]]}}}
{"jsonrpc": "2.0", "method": "subscription", "params": {"channel": "book.BTC-14FEB25.none.20.100ms", "data": {"timestamp": 1739480569398, "change_id": 88032351579, "instrument_name": "BTC-14FEB25", "bids": [[96357.5, 21810.0], [96355.0, 6060.0], [96352.5, 4900.0], [96350.0, 10970.0], [96347.5, 11900.0], [96345.0, 11910.0], [96342.5, 4900.0], [96340.0, 16290.0], [96337.5, 54900.0], [96332.5, 2100.0], [96330.0, 10300.0], [96325.0, 100.0], [96320.0, 2110.0], [96317.5, 7000.0], [96310.0, 20.0], [96300.0, 10.0], [96287.5, 2100.0], [96285.0, 7000.0], [96282.5, 600.0], [96280.0, 2010.0]], "asks": [[96360.0, 10.0], [96370.0, 20.0], [96377.5, 990.0], [96380.0, 3310.0], [96382.5, 120.0], [96387.5, 2120.0], [96390.0, 10000.0], [96392.5, 10000.0], [96400.0, 2110.0], [96402.5, 7000.0], [96410.0, 2100.0], [96412.5, 7000.0], [96420.0, 5420.0], [96422.5, 7000.0], [96425.0, 20.0], [96430.0, 2100.0], [96432.5, 7000.0], [96440.0, 10.0], [96450.0, 2700.0], [96452.5, 7000.0]]}}}
{"jsonrpc": "2.0", "method": "subscription", "params": {"channel": "book.BTC-21FEB25.none.20.100ms", "data": {"timestamp": 1739480569480, "change_id": 88032351688, "instrument_name": "BTC-21FEB25", "bids": [[96472.5, 1100.0], [96470.0, 1230.0], [96467.5, 4250.0], [96465.0, 1940.0], [96462.5, 6600.0], [96460.0, 3290.0], [96457.5, 1100.0], [96455.0, 12390.0], [96452.5, 5500.0], [96450.0, 3150.0], [96447.5, 120.0], [96440.0, 1650.0], [96437.5, 5500.0], [96430.0, 1660.0], [96427.5, 5500.0], [96425.0, 20.0], [96420.0, 1690.0], [96417.5, 5500.0], [96407.5, 1650.0], [96405.0, 10380.0]], "asks": [[96475.0, 10.0], [96480.0, 1100.0], [96482.5, 20.0], [96487.5, 120.0], [96490.0, 78840.0], [96492.5, 3150.0], [96502.5, 4460.0], [96505.0, 15500.0], [96507.5, 950.0], [96510.0, 3150.0], [96517.5, 2260.0], [96520.0, 7500.0], [96525.0, 1660.0], [96530.0, 5500.0], [96537.5, 1650.0], [96540.0, 5500.0], [96542.5, 20.0], [96547.5, 1650.0], [96550.0, 5500.0], [96552.5, 16000.0]]}}}
{"jsonrpc": "2.0", "method": "subscription", "params": {"channel": "book.BTC-21FEB25.none.20.100ms", "data": {"timestamp": 1739480569548, "change_id": 88032352209, "instrument_name": "BTC-21FEB25", "bids": [[96472.5, 1100.0], [96470.0, 1230.0], [96467.5, 4250.0], [96465.0, 330.0], [96462.5, 1100.0], [96460.0, 3290.0], [96457.5, 1100.0], [96455.0, 12390.0], [96452.5, 5500.0], [96450.0, 3150.0], [96447.5, 120.0], [96440.0, 1650.0], [96437.5, 5500.0], [96430.0, 1660.0], [96427.5, 5500.0], [96425.0, 20.0], [96420.0, 1690.0], [96417.5, 5500.0], [96407.5, 1650.0], [96405.0, 10380.0]], "asks": [[96475.0, 10.0], [96480.0, 1100.0], [96482.5, 20.0], [96487.5, 120.0], [96490.0, 77190.0], [96492.5, 3150.0], [96502.5, 4460.0], [96505.0, 15500.0], [96517.5, 2260.0], [96520.0, 7500.0], [96525.0, 1660.0], [96530.0, 5500.0], [96537.5, 1650.0], [96540.0, 8650.0], [96542.5, 20.0], [96547.5, 1650.0], [96550.0, 10300.0], [96552.5, 16000.0], [96557.5, 1650.0], [96560.0, 5500.0]]}}}
{"jsonrpc": "2.0", "method": "subscription", "params": {"channel": "book.BTC-21FEB25.none.20.100ms", "data": {"timestamp": 1739480569948, "change_id": 88032352430, "instrument_name": "BTC-21FEB25", "bids": [[96472.5, 1100.0], [96470.0, 1230.0], [96467.5, 4250.0], [96465.0, 330.0], [96462.5, 1100.0], [96460.0, 3290.0], [96457.5, 1100.0], [96455.0, 12390.0], [96452.5, 5500.0], [96450.0, 3150.0], [96447.5, 120.0], [96440.0, 1650.0], [96437.5, 5500.0], [96430.0, 1660.0], [96427.5, 5500.0], [96425.0, 20.0], [96420.0, 1690.0], [96417.5, 5500.0], [96407.5, 1650.0], [96405.0, 10380.0]], "asks": [[96475.0, 10.0], [96480.0, 1100.0], [96482.5, 20.0], [96487.5, 120.0], [96490.0, 77190.0], [96492.5, 3150.0], [96502.5, 9110.0], [96505.0, 32160.0], [96517.5, 2260.0], [96520.0, 7500.0], [96525.0, 1660.0], [96530.0, 5500.0], [96537.5, 1650.0], [96540.0, 8650.0], [96542.5, 20.0], [96547.5, 1650.0], [96550.0, 5500.0], [96557.5, 1650.0], [96560.0, 5500.0], [96567.5, 1650.0]]}}}
{"jsonrpc": "2.0", "method": "subscription", "params": {"channel": "book.BTC-14FEB25.none.20.100ms", "data": {"timestamp": 1739480570029, "change_id": 88032352618, "instrument_name": "BTC-14FEB25", "bids": [[96357.5, 21810.0], [96355.0, 6060.0], [96352.5, 4900.0], [96350.0, 10970.0], [96347.5, 11900.0], [96345.0, 11910.0], [96342.5, 4900.0], [96340.0, 16290.0], [96337.5, 50000.0], [96332.5, 13840.0], [96330.0, 47000.0], [96325.0, 100.0], [96320.0, 2110.0], [96317.5, 7000.0], [96310.0, 20.0], [96300.0, 10.0], [96287.5, 2100.0], [96285.0, 7000.0], [96282.5, 600.0], [96280.0, 2010.0]], "asks": [[96360.0, 10.0], [96370.0, 20.0], [96377.5, 2970.0], [96380.0, 10310.0], [96382.5, 120.0], [96387.5, 2120.0], [96390.0, 10000.0], [96392.5, 10000.0], [96400.0, 2110.0], [96402.5, 7000.0], [96410.0, 2100.0], [96412.5, 7000.0], [96420.0, 5420.0], [96422.5, 7000.0], [96425.0, 20.0], [96430.0, 2100.0], [96432.5, 7000.0], [96440.0, 10.0], [96450.0, 2700.0], [96452.5, 7000.0]]}}}
{"jsonrpc": "2.0", "method": "subscription", "params": {"channel": "book.BTC-21FEB25.none.20.100ms", "data": {"timestamp": 1739480570467, "change_id": 88032353762, "instrument_name": "BTC-21FEB25", "bids": [[96472.5, 1100.0], [96470.0, 4120.0], [96467.5, 4250.0], [96465.0, 11940.0], [96462.5, 6600.0], [96460.0, 330.0], [96457.5, 1100.0], [96455.0, 2390.0], [96452.5, 5500.0], [96450.0, 3150.0], [96447.5, 120.0], [96440.0, 1650.0], [96437.5, 5500.0], [96430.0, 1660.0], [96427.5, 5500.0], [96425.0, 20.0], [96420.0, 1690.0], [96417.5, 5500.0], [96407.5, 1650.0], [96405.0, 10380.0]], "asks": [[96475.0, 10.0], [96482.5, 20.0], [96490.0, 77190.0], [96492.5, 3150.0], [96500.0, 120.0], [96502.5, 6670.0], [96505.0, 22160.0], [96515.0, 5250.0], [96517.5, 10010.0], [96520.0, 7500.0], [96525.0, 1660.0], [96530.0, 5500.0], [96537.5, 1650.0], [96540.0, 8650.0], [96542.5, 20.0], [96547.5, 1650.0], [96550.0, 5500.0], [96557.5, 1650.0], [96560.0, 5500.0], [96567.5, 1650.0]]}}}
{"jsonrpc": "2.0", "method": "subscription", "params": {"channel": "book.BTC-14FEB25.none.20.100ms", "data": {"timestamp": 1739480570467, "change_id": 88032353760, "instrument_name": "BTC-14FEB25", "bids": [[96357.5, 21810.0], [96355.0, 6060.0], [96352.5, 4900.0], [96350.0, 10970.0], [96347.5, 11900.0], [96345.0, 11910.0], [96342.5, 4900.0], [96340.0, 16290.0], [96337.5, 50000.0], [96332.5, 13840.0], [96330.0, 47000.0], [96325.0, 100.0], [96320.0, 2110.0], [96317.5, 7000.0], [96310.0, 20.0], [96300.0, 10.0], [96287.5, 2100.0], [96285.0, 7000.0], [96282.5, 600.0], [96280.0, 2010.0]], "asks": [[96360.0, 10.0], [96370.0, 20.0], [96377.5, 990.0], [96380.0, 3310.0], [96387.5, 2120.0], [96390.0, 7000.0], [96397.5, 120.0], [96400.0, 2110.0], [96402.5, 7000.0], [96405.0, 10000.0], [96410.0, 2100.0], [96412.5, 7000.0], [96417.5, 990.0], [96420.0, 5420.0], [96422.5, 7000.0], [96425.0, 20.0], [96430.0, 2100.0], [96432.5, 7000.0], [96440.0, 10.0], [96450.0, 2700.0]]}}}
{"jsonrpc": "2.0", "method": "subscription", "params": {"channel": "book.BTC-21FEB25.none.20.100ms", "data": {"timestamp": 1739480570558, "change_id": 88032353912, "instrument_name": "BTC-21FEB25", "bids": [[96472.5, 1100.0], [96470.0, 4120.0], [96467.5, 4250.0], [96465.0, 11940.0], [96462.5, 6600.0], [96460.0, 330.0], [96457.5, 1100.0], [96455.0, 2390.0], [96452.5, 5500.0], [96450.0, 3150.0], [96447.5, 120.0], [96440.0, 1650.0], [96437.5, 5500.0], [96430.0, 1660.0], [96427.5, 5500.0], [96425.0, 20.0], [96420.0, 1690.0], [96417.5, 5500.0], [96407.5, 1650.0], [96405.0, 10380.0]], "asks": [[96475.0, 10.0], [96482.5, 20.0], [96490.0, 77190.0], [96492.5, 3150.0], [96500.0, 120.0], [96502.5, 6670.0], [96505.0, 22160.0], [96515.0, 5250.0], [96517.5, 10010.0], [96520.0, 7500.0], [96525.0, 1660.0], [96530.0, 5500.0], [96537.5, 2390.0], [96540.0, 8650.0], [96542.5, 20.0], [96547.5, 1650.0], [96550.0, 5500.0], [96557.5, 1650.0], [96560.0, 5500.0], [96567.5, 1650.0]]}}}
{"jsonrpc": "2.0", "method": "subscription", "params": {"channel": "book.BTC-14FEB25.none.20.100ms", "data": {"timestamp": 1739480570775, "change_id": 88032354207, "instrument_name": "BTC-14FEB25", "bids": [[96357.5, 21810.0], [96355.0, 6060.0], [96352.5, 4900.0], [96350.0, 10970.0], [96347.5, 11900.0], [96345.0, 11910.0], [96342.5, 4900.0], [96340.0, 16290.0], [96337.5, 50000.0], [96332.5, 13840.0], [96330.0, 47000.0], [96325.0, 100.0], [96320.0, 2110.0], [96317.5, 7000.0], [96310.0, 20.0], [96300.0, 10.0], [96287.5, 2100.0], [96285.0, 7000.0], [96282.5, 600.0], [96280.0, 2010.0]], "asks": [[96360.0, 10.0], [96370.0, 20.0], [96377.5, 990.0], [96380.0, 3310.0], [96387.5, 2120.0], [96390.0, 7000.0], [96397.5, 120.0], [96400.0, 2110.0], [96402.5, 7000.0], [96405.0, 10000.0], [96410.0, 2100.0], [96412.5, 7000.0], [96417.5, 990.0], [96420.0, 5420.0], [96422.5, 7000.0], [96425.0, 20.0], [96430.0, 2100.0], [96432.5, 7000.0], [96440.0, 10.0], [96450.0, 2700.0]]}}}
{"jsonrpc": "2.0", "method": "subscription", "params": {"channel": "book.BTC-21FEB25.none.20.100ms", "data": {"timestamp": 1739480571127, "change_id": 88032354927, "instrument_name": "BTC-21FEB25", "bids": [[96472.5, 1100.0], [96470.0, 5220.0], [96467.5, 4250.0], [96465.0, 11940.0], [96462.5, 6600.0], [96460.0, 330.0], [96457.5, 1100.0], [96455.0, 2390.0], [96452.5, 5500.0], [96450.0, 3150.0], [96447.5, 120.0], [96440.0, 1650.0], [96437.5, 5500.0], [96430.0, 1660.0], [96427.5, 5500.0], [96425.0, 20.0], [96420.0, 1690.0], [96417.5, 5500.0], [96412.5, 600.0], [96410.0, 2000.0]], "asks": [[96475.0, 10.0], [96482.5, 20.0], [96495.0, 1100.0], [96500.0, 3270.0], [96502.5, 1670.0], [96505.0, 5500.0], [96515.0, 5250.0], [96517.5, 10010.0], [96520.0, 7500.0], [96525.0, 1660.0], [96530.0, 5500.0], [96537.5, 2390.0], [96540.0, 8650.0], [96542.5, 20.0], [96547.5, 1650.0], [96550.0, 5500.0], [96557.5, 18080.0], [96560.0, 5500.0], [96567.5, 1650.0], [96570.0, 5500.0]]}}}
{"jsonrpc": "2.0", "method": "subscription", "params": {"channel": "book.BTC-14FEB25.none.20.100ms", "data": {"timestamp": 1739480571032, "change_id": 88032354672, "instrument_name": "BTC-14FEB25", "bids": [[96357.5, 21810.0], [96355.0, 6060.0], [96352.5, 4900.0], [96350.0, 10970.0], [96347.5, 11900.0], [96345.0, 11910.0], [96342.5, 4900.0], [96340.0, 16290.0], [96337.5, 50000.0], [96332.5, 13840.0], [96330.0, 47000.0], [96325.0, 100.0], [96320.0, 2110.0], [96317.5, 7000.0], [96310.0, 20.0], [96300.0, 10.0], [96287.5, 2100.0], [96285.0, 7000.0], [96282.5, 600.0], [96280.0, 2010.0]], "asks": [[96360.0, 10.0], [96370.0, 20.0], [96380.0, 10.0], [96387.5, 5420.0], [96390.0, 7000.0], [96392.5, 3000.0], [96395.0, 10000.0], [96397.5, 120.0], [96400.0, 2110.0], [96402.5, 7000.0], [96410.0, 2100.0], [96412.5, 7000.0], [96417.5, 990.0], [96420.0, 5420.0], [96422.5, 7000.0], [96425.0, 20.0], [96430.0, 2100.0], [96432.5, 7000.0], [96440.0, 10.0], [96450.0, 2700.0]]}}}
{"jsonrpc": "2.0", "method": "subscription", "params": {"channel": "book.BTC-14FEB25.none.20.100ms", "data": {"timestamp": 1739480571247, "change_id": 88032355104, "instrument_name": "BTC-14FEB25", "bids": [[96357.5, 21810.0], [96355.0, 6060.0], [96352.5, 4900.0], [96350.0, 10970.0], [96347.5, 11900.0], [96345.0, 11910.0], [96342.5, 4900.0], [96340.0, 16290.0], [96337.5, 50000.0], [96332.5, 13840.0], [96330.0, 47000.0], [96325.0, 100.0], [96320.0, 2110.0], [96317.5, 7000.0], [96310.0, 20.0], [96300.0, 10.0], [96287.5, 2100.0], [96285.0, 7000.0], [96282.5, 600.0], [96280.0, 2010.0]], "asks": [[96360.0, 10.0], [96370.0, 20.0], [96380.0, 10.0], [96387.5, 5420.0], [96390.0, 7000.0], [96392.5, 3000.0], [96395.0, 10000.0], [96397.5, 120.0], [96400.0, 2110.0], [96402.5, 7000.0], [96410.0, 2100.0], [96412.5, 7000.0], [96417.5, 990.0], [96420.0, 5420.0], [96422.5, 7000.0], [96425.0, 20.0], [96430.0, 2100.0], [96432.5, 7000.0], [96440.0, 10.0], [96450.0, 2700.0]]}}}
{"jsonrpc": "2.0", "method": "subscription", "params": {"channel": "book.BTC-21FEB25.none.20.100ms", "data": {"timestamp": 1739480571448, "change_id": 88032355198, "instrument_name": "BTC-21FEB25", "bids": [[96472.5, 1100.0], [96470.0, 5220.0], [96467.5, 4250.0], [96465.0, 11940.0], [96462.5, 6600.0], [96460.0, 330.0], [96457.5, 1100.0], [96455.0, 2390.0], [96452.5, 5500.0], [96450.0, 3150.0], [96447.5, 120.0], [96440.0, 1650.0], [96437.5, 5500.0], [96430.0, 1660.0], [96427.5, 5500.0], [96425.0, 20.0], [96420.0, 1690.0], [96417.5, 5500.0], [96412.5, 600.0], [96410.0, 2000.0]], "asks": [[96475.0, 10.0], [96482.5, 20.0], [96495.0, 1100.0], [96497.5, 77190.0], [96500.0, 3270.0], [96502.5, 1670.0], [96505.0, 5500.0], [96507.5, 4940.0], [96510.0, 16460.0], [96515.0, 5250.0], [96517.5, 10010.0], [96520.0, 7500.0], [96525.0, 1660.0], [96530.0, 5500.0], [96537.5, 2390.0], [96540.0, 8650.0], [96542.5, 20.0], [96547.5, 1650.0], [96550.0, 5500.0], [96557.5, 1650.0]]}}}
{"jsonrpc": "2.0", "method": "subscription", "params": {"channel": "book.BTC-21FEB25.none.20.100ms", "data": {"timestamp": 1739480571810, "change_id": 88032355613, "instrument_name": "BTC-21FEB25", "bids": [[96472.5, 1100.0], [96470.0, 5220.0], [96467.5, 4250.0], [96465.0, 11940.0], [96462.5, 6600.0], [96460.0, 330.0], [96457.5, 1100.0], [96455.0, 2390.0], [96452.5, 5500.0], [96450.0, 3150.0], [96447.5, 120.0], [96440.0, 1650.0], [96437.5, 5500.0], [96430.0, 1660.0], [96427.5, 5500.0], [96425.0, 20.0], [96420.0, 1690.0], [96417.5, 5500.0], [96412.5, 600.0], [96410.0, 2000.0]], "asks": [[96475.0, 10.0], [96482.5, 20.0], [96495.0, 1100.0], [96497.5, 77190.0], [96500.0, 3270.0], [96502.5, 1670.0], [96505.0, 5500.0], [96515.0, 5250.0], [96517.5, 10010.0], [96520.0, 7500.0], [96525.0, 1660.0], [96530.0, 5500.0], [96537.5, 2390.0], [96540.0, 8650.0], [96542.5, 20.0], [96547.5, 1650.0], [96550.0, 5500.0], [96555.0, 6660.0], [96557.5, 16710.0], [96560.0, 5500.0]]}}}
{"jsonrpc": "2.0", "method": "subscription", "params": {"channel": "book.BTC-14FEB25.none.20.100ms", "data": {"timestamp": 1739480571532, "change_id": 88032355350, "instrument_name": "BTC-14FEB25", "bids": [[96357.5, 21810.0], [96355.0, 6060.0], [96352.5, 4900.0], [96350.0, 10970.0], [96347.5, 11900.0], [96345.0, 11910.0], [96342.5, 4900.0], [96340.0, 16290.0], [96337.5, 50000.0], [96332.5, 13840.0], [96330.0, 47000.0], [96327.5, 200.0], [96320.0, 2110.0], [96317.5, 7000.0], [96310.0, 20.0], [96300.0, 10.0], [96292.5, 1000.0], [96290.0, 3340.0], [96287.5, 2100.0], [96285.0, 7000.0]], "asks": [[96360.0, 10.0], [96370.0, 20.0], [96380.0, 10.0], [96387.5, 5420.0], [96390.0, 7000.0], [96392.5, 3000.0], [96395.0, 10000.0], [96397.5, 120.0], [96400.0, 2110.0], [96402.5, 7000.0], [96410.0, 2100.0], [96412.5, 7000.0], [96417.5, 990.0], [96420.0, 5420.0], [96422.5, 7000.0], [96425.0, 20.0], [96430.0, 2100.0], [96432.5, 7000.0], [96440.0, 10.0], [96450.0, 2700.0]]}}}
{"jsonrpc": "2.0", "method": "subscription", "params": {"channel": "book.BTC-14FEB25.none.20.100ms", "data": {"timestamp": 1739480572104, "change_id": 88032356191, "instrument_name": "BTC-14FEB25", "bids": [[96357.5, 21810.0], [96355.0, 6060.0], [96352.5, 4900.0], [96350.0, 10970.0], [96347.5, 11900.0], [96345.0, 11910.0], [96342.5, 4900.0], [96340.0, 16290.0], [96337.5, 50000.0], [96332.5, 2100.0], [96330.0, 10300.0], [96327.5, 200.0], [96320.0, 2110.0], [96317.5, 7000.0], [96310.0, 20.0], [96300.0, 10.0], [96292.5, 1000.0], [96290.0, 3340.0], [96287.5, 2100.0], [96285.0, 7000.0]], "asks": [[96360.0, 10.0], [96370.0, 20.0], [96380.0, 10.0], [96387.5, 5420.0], [96390.0, 7000.0], [96392.5, 3000.0], [96395.0, 10000.0], [96397.5, 120.0], [96400.0, 2110.0], [96402.5, 7000.0], [96410.0, 2100.0], [96412.5, 7000.0], [96417.5, 990.0], [96420.0, 5420.0], [96422.5, 7000.0], [96425.0, 20.0], [96430.0, 2100.0], [96432.5, 7000.0], [96440.0, 10.0], [96450.0, 2700.0]]}}}
{"jsonrpc": "2.0", "method": "subscription", "params": {"channel": "book.BTC-21FEB25.none.20.100ms", "data": {"timestamp": 1739480572248, "change_id": 88032356414, "instrument_name": "BTC-21FEB25", "bids": [[96472.5, 1100.0], [96470.0, 5220.0], [96467.5, 4250.0], [96465.0, 11940.0], [96462.5, 6600.0], [96460.0, 330.0], [96457.5, 1100.0], [96455.0, 2390.0], [96452.5, 5500.0], [96450.0, 3150.0], [96447.5, 120.0], [96440.0, 1650.0], [96437.5, 5500.0], [96430.0, 1660.0], [96427.5, 5500.0], [96425.0, 20.0], [96420.0, 1690.0], [96417.5, 5500.0], [96412.5, 600.0], [96410.0, 2000.0]], "asks": [[96475.0, 10.0], [96482.5, 20.0], [96495.0, 1100.0], [96497.5, 77190.0], [96500.0, 3270.0], [96502.5, 1670.0], [96505.0, 10320.0], [96507.5, 16050.0], [96515.0, 5250.0], [96517.5, 10010.0], [96520.0, 7500.0], [96525.0, 1660.0], [96530.0, 5500.0], [96537.5, 2390.0], [96540.0, 8650.0], [96542.5, 20.0], [96547.5, 1650.0], [96550.0, 5500.0], [96560.0, 5500.0], [96567.5, 1650.0]]}}}
{"jsonrpc": "2.0", "method": "subscription", "params": {"channel": "book.BTC-21FEB25.none.20.100ms", "data": {"timestamp": 1739480572535, "change_id": 88032356635, "instrument_name": "BTC-21FEB25", "bids": [[96472.5, 1100.0], [96470.0, 5220.0], [96467.5, 4250.0], [96465.0, 11940.0], [96462.5, 6600.0], [96460.0, 330.0], [96457.5, 1100.0], [96455.0, 2390.0], [96452.5, 5500.0], [96450.0, 3150.0], [96447.5, 120.0], [96440.0, 1650.0], [96437.5, 5500.0], [96430.0, 1660.0], [96427.5, 5500.0], [96425.0, 20.0], [96420.0, 1690.0], [96417.5, 5500.0], [96412.5, 600.0], [96410.0, 2000.0]], "asks": [[96475.0, 10.0], [96482.5, 20.0], [96495.0, 1100.0], [96497.5, 77190.0], [96500.0, 3270.0], [96502.5, 1670.0], [96505.0, 10320.0], [96507.5, 16050.0], [96515.0, 5250.0], [96517.5, 10010.0], [96520.0, 7500.0], [96525.0, 1660.0], [96530.0, 5500.0], [96537.5, 2390.0], [96540.0, 8650.0], [96542.5, 20.0], [96560.0, 5500.0], [96567.5, 1650.0], [96570.0, 5500.0], [96577.5, 1660.0]]}}}
{"jsonrpc": "2.0", "method": "subscription", "params": {"channel": "book.BTC-14FEB25.none.20.100ms", "data": {"timestamp": 1739480572516, "change_id": 88032356625, "instrument_name": "BTC-14FEB25", "bids": [[96357.5, 21810.0], [96355.0, 6060.0], [96352.5, 4900.0], [96350.0, 10970.0], [96347.5, 11900.0], [96345.0, 11910.0], [96342.5, 4900.0], [96340.0, 25910.0], [96337.5, 50000.0], [96335.0, 43170.0], [96332.5, 2100.0], [96330.0, 10300.0], [96327.5, 200.0], [96320.0, 2110.0], [96317.5, 7000.0], [96310.0, 20.0], [96300.0, 10.0], [96292.5, 1000.0], [96290.0, 3340.0], [96287.5, 2100.0]], "asks": [[96360.0, 10.0], [96370.0, 20.0], [96380.0, 10.0], [96387.5, 5420.0], [96390.0, 7000.0], [96392.5, 3000.0], [96395.0, 10000.0], [96397.5, 120.0], [96400.0, 2110.0], [96402.5, 7000.0], [96410.0, 2100.0], [96412.5, 7000.0], [96417.5, 990.0], [96420.0, 5420.0], [96422.5, 7000.0], [96425.0, 20.0], [96430.0, 2100.0], [96432.5, 7000.0], [96440.0, 10.0], [96450.0, 2700.0]]}}}
{"jsonrpc": "2.0", "method": "subscription", "params": {"channel": "book.BTC-14FEB25.none.20.100ms", "data": {"timestamp": 1739480572966, "change_id": 88032356947, "instrument_name": "BTC-14FEB25", "bids": [[96357.5, 21810.0], [96355.0, 6060.0], [96352.5, 4900.0], [96350.0, 10970.0], [96347.5, 11900.0], [96345.0, 11910.0], [96342.5, 4900.0], [96340.0, 25910.0], [96337.5, 50000.0], [96335.0, 43170.0], [96332.5, 2100.0], [96330.0, 10300.0], [96327.5, 200.0], [96320.0, 2110.0], [96317.5, 7000.0], [96310.0, 20.0], [96300.0, 10.0], [96292.5, 1000.0], [96290.0, 3340.0], [96287.5, 2100.0]], "asks": [[96360.0, 10.0], [96370.0, 20.0], [96380.0, 10.0], [96387.5, 5540.0], [96390.0, 7000.0], [96392.5, 3000.0], [96395.0, 10000.0], [96400.0, 2110.0], [96402.5, 7000.0], [96410.0, 2100.0], [96412.5, 7000.0], [96417.5, 990.0], [96420.0, 5420.0], [96422.5, 7000.0], [96425.0, 20.0], [96430.0, 2100.0], [96432.5, 7000.0], [96440.0, 10.0], [96450.0, 2700.0], [96452.5, 7000.0]]}}}
{"jsonrpc": "2.0", "method": "subscription", "params": {"channel": "book.BTC-14FEB25.none.20.100ms", "data": {"timestamp": 1739480573283, "change_id": 88032357605, "instrument_name": "BTC-14FEB25", "bids": [[96357.5, 21810.0], [96355.0, 6060.0], [96352.5, 4900.0], [96350.0, 10970.0], [96347.5, 11900.0], [96345.0, 11910.0], [96342.5, 4900.0], [96340.0, 25910.0], [96337.5, 50000.0], [96335.0, 43170.0], [96332.5, 2100.0], [96330.0, 10300.0], [96327.5, 200.0], [96320.0, 2110.0], [96317.5, 7000.0], [96310.0, 20.0], [96300.0, 10.0], [96292.5, 1000.0], [96290.0, 3340.0], [96287.5, 2100.0]], "asks": [[96360.0, 10.0], [96370.0, 20.0], [96377.5, 990.0], [96380.0, 3310.0], [96387.5, 2240.0], [96390.0, 7000.0], [96392.5, 3000.0], [96395.0, 10000.0], [96400.0, 2110.0], [96402.5, 7000.0], [96410.0, 2100.0], [96412.5, 7000.0], [96417.5, 990.0], [96420.0, 5420.0], [96422.5, 7000.0], [96425.0, 20.0], [96430.0, 2100.0], [96432.5, 7000.0], [96440.0, 10.0], [96450.0, 2700.0]]}}}
{"jsonrpc": "2.0", "method": "subscription", "params": {"channel": "book.BTC-21FEB25.none.20.100ms", "data": {"timestamp": 1739480573381, "change_id": 88032357848, "instrument_name": "BTC-21FEB25", "bids": [[96472.5, 1100.0], [96470.0, 5220.0], [96467.5, 4250.0], [96465.0, 11940.0], [96462.5, 1100.0], [96460.0, 330.0], [96457.5, 1100.0], [96455.0, 2390.0], [96452.5, 5500.0], [96450.0, 3150.0], [96447.5, 120.0], [96440.0, 1650.0], [96437.5, 5500.0], [96430.0, 1660.0], [96427.5, 5500.0], [96425.0, 20.0], [96420.0, 6180.0], [96417.5, 5500.0], [96415.0, 15790.0], [96412.5, 600.0]], "asks": [[96475.0, 10.0], [96482.5, 20.0], [96490.0, 1400.0], [96492.5, 3150.0], [96495.0, 25000.0], [96497.5, 77190.0], [96502.5, 1670.0], [96505.0, 10320.0], [96507.5, 16050.0], [96515.0, 5250.0], [96517.5, 10010.0], [96520.0, 7500.0], [96525.0, 1660.0], [96530.0, 5500.0], [96537.5, 2390.0], [96540.0, 8650.0], [96542.5, 20.0], [96560.0, 5500.0], [96567.5, 1650.0], [96570.0, 5500.0]]}}}
{"jsonrpc": "2.0", "method": "subscription", "params": {"channel": "book.BTC-14FEB25.none.20.100ms", "data": {"timestamp": 1739480573752, "change_id": 88032358294, "instrument_name": "BTC-14FEB25", "bids": [[96357.5, 21810.0], [96355.0, 6060.0], [96352.5, 4900.0], [96350.0, 10970.0], [96347.5, 11900.0], [96345.0, 11910.0], [96342.5, 4900.0], [96340.0, 15000.0], [96337.5, 50000.0], [96332.5, 2100.0], [96330.0, 10300.0], [96327.5, 200.0], [96320.0, 2110.0], [96317.5, 7000.0], [96310.0, 20.0], [96300.0, 10.0], [96292.5, 1000.0], [96290.0, 3340.0], [96287.5, 2100.0], [96285.0, 7000.0]], "asks": [[96360.0, 10.0], [96370.0, 20.0], [96377.5, 990.0], [96380.0, 3310.0], [96387.5, 2240.0], [96390.0, 7000.0], [96392.5, 3000.0], [96395.0, 10000.0], [96400.0, 2110.0], [96402.5, 7000.0], [96410.0, 2100.0], [96412.5, 7000.0], [96417.5, 990.0], [96420.0, 5420.0], [96422.5, 7000.0], [96425.0, 20.0], [96430.0, 2100.0], [96432.5, 7000.0], [96440.0, 10.0], [96450.0, 2700.0]]}}}
{"jsonrpc": "2.0", "method": "subscription", "params": {"channel": "book.BTC-14FEB25.none.20.100ms", "data": {"timestamp": 1739480573985, "change_id": 88032358466, "instrument_name": "BTC-14FEB25", "bids": [[96357.5, 21810.0], [96355.0, 6060.0], [96352.5, 4900.0], [96350.0, 10970.0], [96347.5, 11900.0], [96345.0, 11910.0], [96342.5, 4900.0], [96340.0, 15000.0], [96337.5, 50000.0], [96332.5, 2100.0], [96330.0, 10300.0], [96327.5, 200.0], [96320.0, 2110.0], [96317.5, 7000.0], [96310.0, 20.0], [96300.0, 10.0], [96292.5, 1000.0], [96290.0, 3340.0], [96287.5, 2100.0], [96285.0, 7000.0]], "asks": [[96360.0, 10.0], [96370.0, 20.0], [96372.5, 1470.0], [96375.0, 4900.0], [96377.5, 990.0], [96380.0, 3310.0], [96387.5, 2240.0], [96390.0, 7000.0], [96392.5, 3000.0], [96395.0, 10000.0], [96400.0, 2110.0], [96402.5, 7000.0], [96410.0, 2100.0], [96412.5, 7000.0], [96417.5, 990.0], [96420.0, 5420.0], [96422.5, 7000.0], [96425.0, 20.0], [96430.0, 2100.0], [96432.5, 7000.0]]}}}
{"jsonrpc": "2.0", "method": "subscription", "params": {"channel": "book.BTC-21FEB25.none.20.100ms", "data": {"timestamp": 1739480574016, "change_id": 88032358482, "instrument_name": "BTC-21FEB25", "bids": [[96472.5, 1100.0], [96470.0, 5220.0], [96467.5, 4250.0], [96465.0, 11940.0], [96462.5, 1100.0], [96460.0, 330.0], [96457.5, 1100.0], [96455.0, 2390.0], [96452.5, 5500.0], [96450.0, 3150.0], [96447.5, 120.0], [96440.0, 1650.0], [96437.5, 5500.0], [96430.0, 1660.0], [96427.5, 5500.0], [96425.0, 20.0], [96420.0, 1690.0], [96417.5, 5500.0], [96412.5, 600.0], [96410.0, 2000.0]], "asks": [[96475.0, 10.0], [96482.5, 20.0], [96487.5, 1100.0], [96490.0, 1400.0], [96492.5, 3150.0], [96495.0, 25000.0], [96497.5, 77190.0], [96502.5, 1670.0], [96505.0, 10320.0], [96507.5, 16050.0], [96515.0, 5250.0], [96517.5, 10010.0], [96520.0, 7500.0], [96525.0, 1660.0], [96530.0, 5500.0], [96537.5, 2390.0], [96540.0, 8650.0], [96542.5, 20.0], [96557.5, 1650.0], [96560.0, 5500.0]]}}}
{"jsonrpc": "2.0", "method": "subscription", "params": {"channel": "book.BTC-14FEB25.none.20.100ms", "data": {"timestamp": 1739480574248, "change_id": 88032359016, "instrument_name": "BTC-14FEB25", "bids": [[96357.5, 21810.0], [96355.0, 6060.0], [96352.5, 4900.0], [96350.0, 10970.0], [96347.5, 11900.0], [96345.0, 11910.0], [96342.5, 4900.0], [96340.0, 15000.0], [96337.5, 50000.0], [96332.5, 2100.0], [96330.0, 10300.0], [96327.5, 200.0], [96320.0, 2110.0], [96317.5, 7000.0], [96310.0, 20.0], [96300.0, 10.0], [96292.5, 1000.0], [96290.0, 3340.0], [96287.5, 2100.0], [96285.0, 7000.0]], "asks": [[96360.0, 10.0], [96370.0, 20.0], [96372.5, 1470.0], [96375.0, 4900.0], [96377.5, 990.0], [96380.0, 3310.0], [96387.5, 2240.0], [96390.0, 7000.0], [96392.5, 3000.0], [96395.0, 10000.0], [96400.0, 2110.0], [96402.5, 7000.0], [96410.0, 2100.0], [96412.5, 7000.0], [96417.5, 990.0], [96420.0, 5420.0], [96422.5, 7000.0], [96425.0, 20.0], [96430.0, 2100.0], [96432.5, 7000.0]]}}}
{"jsonrpc": "2.0", "method": "subscription", "params": {"channel": "book.BTC-14FEB25.none.20.100ms", "data": {"timestamp": 1739480575129, "change_id": 88032359914, "instrument_name": "BTC-14FEB25", "bids": [[96357.5, 21810.0], [96355.0, 6060.0], [96352.5, 4900.0], [96350.0, 10970.0], [96347.5, 11900.0], [96345.0, 11910.0], [96342.5, 4900.0], [96340.0, 15000.0], [96337.5, 50000.0], [96332.5, 2100.0], [96330.0, 10300.0], [96327.5, 200.0], [96320.0, 2110.0], [96317.5, 7000.0], [96310.0, 20.0], [96300.0, 10.0], [96292.5, 1000.0], [96290.0, 3340.0], [96287.5, 2100.0], [96285.0, 7000.0]], "asks": [[96360.0, 10.0], [96370.0, 20.0], [96372.5, 1470.0], [96375.0, 4900.0], [96377.5, 990.0], [96380.0, 3310.0], [96387.5, 2240.0], [96390.0, 7000.0], [96392.5, 3000.0], [96395.0, 10000.0], [96400.0, 2110.0], [96402.5, 7000.0], [96410.0, 2100.0], [96412.5, 7000.0], [96420.0, 2120.0], [96422.5, 7000.0], [96425.0, 20.0], [96430.0, 2100.0], [96432.5, 7000.0], [96440.0, 10.0]]}}}
{"jsonrpc": "2.0", "method": "subscription", "params": {"channel": "book.BTC-21FEB25.none.20.100ms", "data": {"timestamp": 1739480575006, "change_id": 88032359544, "instrument_name": "BTC-21FEB25", "bids": [[96472.5, 1100.0], [96470.0, 5220.0], [96467.5, 4250.0], [96465.0, 11940.0], [96462.5, 1100.0], [96460.0, 330.0], [96457.5, 1100.0], [96455.0, 2390.0], [96452.5, 5500.0], [96450.0, 3150.0], [96447.5, 120.0], [96440.0, 1650.0], [96437.5, 5500.0], [96430.0, 1660.0], [96427.5, 5500.0], [96425.0, 20.0], [96420.0, 1690.0], [96417.5, 5500.0], [96412.5, 600.0], [96410.0, 2000.0]], "asks": [[96475.0, 10.0], [96482.5, 20.0], [96487.5, 1100.0], [96490.0, 2500.0], [96492.5, 3150.0], [96495.0, 25000.0], [96497.5, 77190.0], [96502.5, 1670.0], [96505.0, 10320.0], [96507.5, 16050.0], [96515.0, 5250.0], [96517.5, 10010.0], [96520.0, 7500.0], [96525.0, 1660.0], [96530.0, 5500.0], [96537.5, 2390.0], [96540.0, 8650.0], [96542.5, 20.0], [96557.5, 1650.0], [96560.0, 5500.0]]}}}
{"jsonrpc": "2.0", "method": "subscription", "params": {"channel": "book.BTC-21FEB25.none.20.100ms", "data": {"timestamp": 1739480575293, "change_id": 88032360170, "instrument_name": "BTC-21FEB25", "bids": [[96472.5, 1100.0], [96470.0, 5220.0], [96467.5, 4250.0], [96465.0, 11940.0], [96462.5, 1100.0], [96460.0, 330.0], [96457.5, 1100.0], [96455.0, 2390.0], [96452.5, 5500.0], [96450.0, 3150.0], [96447.5, 120.0], [96440.0, 1650.0], [96437.5, 5500.0], [96430.0, 1660.0], [96427.5, 5500.0], [96425.0, 20.0], [96420.0, 1690.0], [96417.5, 5500.0], [96412.5, 600.0], [96410.0, 2000.0]], "asks": [[96475.0, 10.0], [96482.5, 20.0], [96485.0, 700.0], [96487.5, 1100.0], [96490.0, 3990.0], [96492.5, 3150.0], [96495.0, 30500.0], [96497.5, 77190.0], [96502.5, 1670.0], [96505.0, 10320.0], [96507.5, 16050.0], [96510.0, 3150.0], [96515.0, 5250.0], [96517.5, 10010.0], [96520.0, 7500.0], [96525.0, 1660.0], [96530.0, 5500.0], [96537.5, 1650.0], [96540.0, 5500.0], [96542.5, 20.0]]}}}
{"jsonrpc": "2.0", "method": "subscription", "params": {"channel": "book.BTC-14FEB25.none.20.100ms", "data": {"timestamp": 1739480575296, "change_id": 88032360180, "instrument_name": "BTC-14FEB25", "bids": [[96357.5, 21810.0], [96355.0, 6060.0], [96352.5, 4900.0], [96350.0, 10970.0], [96347.5, 11900.0], [96345.0, 11910.0], [96342.5, 4900.0], [96340.0, 15000.0], [96337.5, 50000.0], [96332.5, 2100.0], [96330.0, 10300.0], [96327.5, 200.0], [96320.0, 2110.0], [96317.5, 7000.0], [96310.0, 20.0], [96300.0, 10.0], [96292.5, 1000.0], [96290.0, 3340.0], [96287.5, 2100.0], [96285.0, 7000.0]], "asks": [[96360.0, 10.0], [96370.0, 2480.0], [96372.5, 3300.0], [96375.0, 4900.0], [96377.5, 1980.0], [96380.0, 7010.0], [96387.5, 2240.0], [96390.0, 10300.0], [96392.5, 3000.0], [96395.0, 10000.0], [96400.0, 2110.0], [96402.5, 7000.0], [96410.0, 2100.0], [96412.5, 7000.0], [96420.0, 2120.0], [96422.5, 7000.0], [96425.0, 20.0], [96430.0, 2100.0], [96432.5, 7000.0], [96440.0, 10.0]]}}}
{"jsonrpc": "2.0", "method": "subscription", "params": {"channel": "book.BTC-14FEB25.none.20.100ms", "data": {"timestamp": 1739480575788, "change_id": 88032360663, "instrument_name": "BTC-14FEB25", "bids": [[96357.5, 21810.0], [96355.0, 6060.0], [96352.5, 4900.0], [96350.0, 9410.0], [96347.5, 4900.0], [96345.0, 11910.0], [96342.5, 4900.0], [96340.0, 15000.0], [96337.5, 50000.0], [96332.5, 2100.0], [96330.0, 10300.0], [96327.5, 200.0], [96320.0, 2110.0], [96317.5, 7000.0], [96310.0, 20.0], [96300.0, 10.0], [96292.5, 1000.0], [96290.0, 3340.0], [96287.5, 2100.0], [96285.0, 7000.0]], "asks": [[96360.0, 10.0], [96370.0, 2480.0], [96372.5, 3300.0], [96375.0, 4900.0], [96377.5, 1980.0], [96380.0, 7010.0], [96387.5, 2240.0], [96390.0, 7000.0], [96392.5, 3000.0], [96395.0, 10000.0], [96400.0, 2110.0], [96402.5, 7000.0], [96410.0, 2100.0], [96412.5, 7000.0], [96420.0, 5420.0], [96422.5, 7000.0], [96425.0, 20.0], [96430.0, 2100.0], [96432.5, 7000.0], [96440.0, 10.0]]}}}
{"jsonrpc": "2.0", "method": "subscription", "params": {"channel": "book.BTC-21FEB25.none.20.100ms", "data": {"timestamp": 1739480575788, "change_id": 88032360665, "instrument_name": "BTC-21FEB25", "bids": [[96472.5, 1100.0], [96470.0, 5220.0], [96467.5, 4250.0], [96465.0, 11940.0], [96462.5, 1100.0], [96460.0, 330.0], [96457.5, 1100.0], [96455.0, 950.0], [96450.0, 3150.0], [96447.5, 120.0], [96440.0, 1650.0], [96437.5, 5500.0], [96430.0, 1660.0], [96427.5, 5500.0], [96425.0, 20.0], [96420.0, 1690.0], [96417.5, 5500.0], [96412.5, 600.0], [96410.0, 2000.0], [96407.5, 1650.0]], "asks": [[96475.0, 10.0], [96482.5, 20.0], [96485.0, 700.0], [96487.5, 1100.0], [96490.0, 3990.0], [96492.5, 3150.0], [96495.0, 30500.0], [96497.5, 77190.0], [96502.5, 1670.0], [96505.0, 10320.0], [96507.5, 16050.0], [96510.0, 3150.0], [96515.0, 5250.0], [96517.5, 10010.0], [96520.0, 7500.0], [96525.0, 1660.0], [96530.0, 5500.0], [96537.5, 1650.0], [96540.0, 5500.0], [96542.5, 20.0]]}}}
{"jsonrpc": "2.0", "method": "subscription", "params": {"channel": "book.BTC-21FEB25.none.20.100ms", "data": {"timestamp": 1739480576121, "change_id": 88032361445, "instrument_name": "BTC-21FEB25", "bids": [[96472.5, 1100.0], [96470.0, 5220.0], [96467.5, 4250.0], [96465.0, 11940.0], [96462.5, 1100.0], [96460.0, 330.0], [96457.5, 1100.0], [96455.0, 2480.0], [96452.5, 5500.0], [96450.0, 3150.0], [96447.5, 120.0], [96440.0, 1650.0], [96437.5, 5500.0], [96430.0, 1660.0], [96427.5, 5500.0], [96425.0, 20.0], [96420.0, 1690.0], [96417.5, 5500.0], [96412.5, 600.0], [96410.0, 2000.0]], "asks": [[96475.0, 10.0], [96482.5, 20.0], [96487.5, 1100.0], [96490.0, 1220.0], [96492.5, 3150.0], [96495.0, 25000.0], [96502.5, 1670.0], [96505.0, 13660.0], [96507.5, 26050.0], [96510.0, 3150.0], [96517.5, 10.0], [96520.0, 7500.0], [96525.0, 1660.0], [96530.0, 5500.0], [96537.5, 1650.0], [96540.0, 5500.0], [96542.5, 20.0], [96557.5, 1650.0], [96560.0, 5500.0], [96567.5, 1650.0]]}}}
{"jsonrpc": "2.0", "method": "subscription", "params": {"channel": "book.BTC-14FEB25.none.20.100ms", "data": {"timestamp": 1739480576122, "change_id": 88032361451, "instrument_name": "BTC-14FEB25", "bids": [[96357.5, 21810.0], [96355.0, 6060.0], [96352.5, 4900.0], [96350.0, 9410.0], [96347.5, 11900.0], [96345.0, 11910.0], [96342.5, 4900.0], [96340.0, 15000.0], [96337.5, 50000.0], [96332.5, 2100.0], [96330.0, 10300.0], [96327.5, 200.0], [96320.0, 2110.0], [96317.5, 7000.0], [96310.0, 20.0], [96300.0, 10.0], [96292.5, 1000.0], [96290.0, 3340.0], [96287.5, 2100.0], [96285.0, 7000.0]], "asks": [[96360.0, 10.0], [96370.0, 20.0], [96375.0, 4900.0], [96380.0, 10.0], [96387.5, 2240.0], [96390.0, 7000.0], [96392.5, 3000.0], [96395.0, 10000.0], [96400.0, 2110.0], [96402.5, 7000.0], [96410.0, 2100.0], [96412.5, 7000.0], [96420.0, 5420.0], [96422.5, 7000.0], [96425.0, 20.0], [96430.0, 2100.0], [96432.5, 7000.0], [96440.0, 10.0], [96450.0, 2700.0], [96452.5, 7000.0]]}}}
{"jsonrpc": "2.0", "method": "subscription", "params": {"channel": "book.BTC-21FEB25.none.20.100ms", "data": {"timestamp": 1739480576350, "change_id": 88032361903, "instrument_name": "BTC-21FEB25", "bids": [[96472.5, 1100.0], [96470.0, 5220.0], [96467.5, 4250.0], [96465.0, 11940.0], [96462.5, 1100.0], [96460.0, 330.0], [96457.5, 1100.0], [96455.0, 2480.0], [96452.5, 5500.0], [96450.0, 3150.0], [96447.5, 120.0], [96440.0, 1650.0], [96437.5, 5500.0], [96430.0, 1660.0], [96427.5, 5500.0], [96425.0, 20.0], [96420.0, 1690.0], [96417.5, 5500.0], [96412.5, 600.0], [96410.0, 2000.0]], "asks": [[96475.0, 10.0], [96482.5, 20.0], [96487.5, 1100.0], [96490.0, 1220.0], [96495.0, 2050.0], [96497.5, 3150.0], [96502.5, 1670.0], [96505.0, 8500.0], [96507.5, 10000.0], [96517.5, 10.0], [96520.0, 7500.0], [96525.0, 1660.0], [96530.0, 5500.0], [96532.5, 15670.0], [96537.5, 2390.0], [96540.0, 8650.0], [96542.5, 20.0], [96557.5, 1650.0], [96560.0, 5500.0], [96567.5, 1650.0]]}}}
{"jsonrpc": "2.0", "method": "subscription", "params": {"channel": "book.BTC-14FEB25.none.20.100ms", "data": {"timestamp": 1739480576279, "change_id": 88032361848, "instrument_name": "BTC-14FEB25", "bids": [[96357.5, 21810.0], [96355.0, 6060.0], [96352.5, 4900.0], [96350.0, 9410.0], [96347.5, 11900.0], [96345.0, 11910.0], [96342.5, 4900.0], [96340.0, 15000.0], [96337.5, 50000.0], [96332.5, 2100.0], [96330.0, 10300.0], [96327.5, 200.0], [96320.0, 2110.0], [96317.5, 7000.0], [96310.0, 20.0], [96300.0, 10.0], [96292.5, 1000.0], [96290.0, 3340.0], [96287.5, 2100.0], [96285.0, 7000.0]], "asks": [[96360.0, 10.0], [96370.0, 20.0], [96380.0, 1000.0], [96382.5, 3300.0], [96387.5, 2240.0], [96390.0, 7000.0], [96392.5, 3000.0], [96395.0, 10000.0], [96400.0, 2110.0], [96402.5, 7000.0], [96410.0, 2100.0], [96412.5, 7000.0], [96420.0, 5420.0], [96422.5, 7000.0], [96425.0, 20.0], [96430.0, 2100.0], [96432.5, 7000.0], [96440.0, 10.0], [96450.0, 2700.0], [96452.5, 7000.0]]}}}
{"jsonrpc": "2.0", "method": "subscription", "params": {"channel": "book.BTC-21FEB25.none.20.100ms", "data": {"timestamp": 1739480576598, "change_id": 88032363063, "instrument_name": "BTC-21FEB25", "bids": [[96472.5, 1100.0], [96470.0, 5220.0], [96467.5, 4250.0], [96465.0, 11940.0], [96462.5, 6600.0], [96460.0, 330.0], [96457.5, 1220.0], [96455.0, 2480.0], [96452.5, 5500.0], [96450.0, 3150.0], [96440.0, 1650.0], [96437.5, 5500.0], [96430.0, 1660.0], [96427.5, 5500.0], [96425.0, 20.0], [96420.0, 1690.0], [96417.5, 5500.0], [96412.5, 600.0], [96410.0, 2000.0], [96407.5, 1650.0]], "asks": [[96475.0, 10.0], [96482.5, 20.0], [96490.0, 1220.0], [96495.0, 1100.0], [96497.5, 77190.0], [96502.5, 2410.0], [96505.0, 8650.0], [96517.5, 4450.0], [96520.0, 15500.0], [96525.0, 1660.0], [96530.0, 5500.0], [96532.5, 15670.0], [96537.5, 2390.0], [96540.0, 8650.0], [96542.5, 20.0], [96550.0, 7500.0], [96557.5, 1650.0], [96560.0, 5500.0], [96567.5, 1650.0], [96570.0, 5500.0]]}}}
{"jsonrpc": "2.0", "method": "subscription", "params": {"channel": "book.BTC-14FEB25.none.20.100ms", "data": {"timestamp": 1739480576775, "change_id": 88032363066, "instrument_name": "BTC-14FEB25", "bids": [[96357.5, 21810.0], [96355.0, 16180.0], [96352.5, 4900.0], [96350.0, 9410.0], [96347.5, 11900.0], [96345.0, 1790.0], [96342.5, 4900.0], [96340.0, 15000.0], [96337.5, 50000.0], [96332.5, 2100.0], [96330.0, 10300.0], [96327.5, 200.0], [96320.0, 2110.0], [96317.5, 7000.0], [96310.0, 20.0], [96300.0, 10.0], [96292.5, 1000.0], [96290.0, 3340.0], [96287.5, 2100.0], [96285.0, 7000.0]], "asks": [[96360.0, 10.0], [96370.0, 20.0], [96380.0, 10.0], [96387.5, 3110.0], [96390.0, 10300.0], [96392.5, 3000.0], [96395.0, 10000.0], [96400.0, 2110.0], [96402.5, 7000.0], [96410.0, 2100.0], [96412.5, 7000.0], [96420.0, 5420.0], [96422.5, 7000.0], [96425.0, 20.0], [96430.0, 2100.0], [96432.5, 7000.0], [96440.0, 10.0], [96450.0, 2700.0], [96452.5, 7000.0], [96455.0, 2000.0]]}}}
{"jsonrpc": "2.0", "method": "subscription", "params": {"channel": "book.BTC-21FEB25.none.20.100ms", "data": {"timestamp": 1739480577099, "change_id": 88032363820, "instrument_name": "BTC-21FEB25", "bids": [[96472.5, 1100.0], [96470.0, 5220.0], [96467.5, 4250.0], [96465.0, 11940.0], [96462.5, 6600.0], [96460.0, 330.0], [96457.5, 1220.0], [96455.0, 2480.0], [96452.5, 5500.0], [96450.0, 3150.0], [96440.0, 1650.0], [96437.5, 5500.0], [96430.0, 6210.0], [96427.5, 5500.0], [96425.0, 15890.0], [96420.0, 1690.0], [96417.5, 5500.0], [96412.5, 600.0], [96410.0, 2000.0], [96407.5, 1650.0]], "asks": [[96475.0, 10.0], [96482.5, 20.0], [96487.5, 1100.0], [96490.0, 120.0], [96495.0, 1100.0], [96502.5, 2410.0], [96505.0, 8650.0], [96517.5, 4450.0], [96520.0, 15500.0], [96525.0, 1660.0], [96530.0, 10200.0], [96532.5, 15670.0], [96537.5, 2390.0], [96540.0, 8650.0], [96542.5, 20.0], [96550.0, 7500.0], [96557.5, 1650.0], [96560.0, 5500.0], [96567.5, 1650.0], [96570.0, 5500.0]]}}}
{"jsonrpc": "2.0", "method": "subscription", "params": {"channel": "book.BTC-14FEB25.none.20.100ms", "data": {"timestamp": 1739480577100, "change_id": 88032363824, "instrument_name": "BTC-14FEB25", "bids": [[96357.5, 21810.0], [96355.0, 16180.0], [96352.5, 4900.0], [96350.0, 9410.0], [96347.5, 11900.0], [96345.0, 1790.0], [96342.5, 4900.0], [96340.0, 36240.0], [96337.5, 50000.0], [96335.0, 77060.0], [96332.5, 2980.0], [96330.0, 10800.0], [96320.0, 2110.0], [96317.5, 7000.0], [96310.0, 20.0], [96300.0, 10.0], [96292.5, 1000.0], [96290.0, 3340.0], [96287.5, 2100.0], [96285.0, 7000.0]], "asks": [[96360.0, 10.0], [96370.0, 20.0], [96380.0, 10.0], [96387.5, 3110.0], [96390.0, 10300.0], [96392.5, 3000.0], [96395.0, 10000.0], [96400.0, 2110.0], [96402.5, 7000.0], [96410.0, 2100.0], [96412.5, 7000.0], [96420.0, 5420.0], [96422.5, 7000.0], [96425.0, 20.0], [96430.0, 2100.0], [96432.5, 7000.0], [96440.0, 10.0], [96450.0, 2700.0], [96452.5, 7000.0], [96455.0, 2000.0]]}}}
{"jsonrpc": "2.0", "method": "subscription", "params": {"channel": "book.BTC-21FEB25.none.20.100ms", "data": {"timestamp": 1739480577228, "change_id": 88032364033, "instrument_name": "BTC-21FEB25", "bids": [[96472.5, 1100.0], [96470.0, 5220.0], [96467.5, 4250.0], [96465.0, 11940.0], [96462.5, 6600.0], [96460.0, 330.0], [96457.5, 1220.0], [96455.0, 2480.0], [96452.5, 5500.0], [96450.0, 3150.0], [96440.0, 1650.0], [96437.5, 5500.0], [96430.0, 1660.0], [96427.5, 5500.0], [96425.0, 20.0], [96420.0, 1690.0], [96417.5, 5500.0], [96412.5, 600.0], [96410.0, 2000.0], [96407.5, 1650.0]], "asks": [[96475.0, 10.0], [96482.5, 20.0], [96487.5, 1100.0], [96490.0, 120.0], [96495.0, 1100.0], [96502.5, 2410.0], [96505.0, 8650.0], [96517.5, 4450.0], [96520.0, 15500.0], [96525.0, 1660.0], [96530.0, 10200.0], [96532.5, 15670.0], [96537.5, 2390.0], [96540.0, 8650.0], [96542.5, 20.0], [96550.0, 7500.0], [96557.5, 1650.0], [96560.0, 5500.0], [96567.5, 1650.0], [96570.0, 5500.0]]}}}
{"jsonrpc": "2.0", "method": "subscription", "params": {"channel": "book.BTC-14FEB25.none.20.100ms", "data": {"timestamp": 1739480577141, "change_id": 88032363849, "instrument_name": "BTC-14FEB25", "bids": [[96357.5, 21810.0], [96355.0, 16180.0], [96352.5, 4900.0], [96350.0, 9410.0], [96347.5, 11900.0], [96345.0, 16250.0], [96342.5, 54900.0], [96340.0, 21240.0], [96335.0, 77060.0], [96332.5, 2980.0], [96330.0, 10800.0], [96320.0, 2110.0], [96317.5, 7000.0], [96310.0, 20.0], [96300.0, 10.0], [96292.5, 1000.0], [96290.0, 3340.0], [96287.5, 2100.0], [96285.0, 7000.0], [96282.5, 600.0]], "asks": [[96360.0, 10.0], [96370.0, 20.0], [96380.0, 10.0], [96387.5, 3110.0], [96390.0, 10300.0], [96392.5, 3000.0], [96395.0, 10000.0], [96400.0, 2110.0], [96402.5, 7000.0], [96410.0, 2100.0], [96412.5, 7000.0], [96417.5, 990.0], [96420.0, 5420.0], [96422.5, 7000.0], [96425.0, 20.0], [96430.0, 2100.0], [96432.5, 7000.0], [96440.0, 10.0], [96450.0, 2700.0], [96452.5, 7000.0]]}}}
{"jsonrpc": "2.0", "method": "subscription", "params": {"channel": "book.BTC-21FEB25.none.20.100ms", "data": {"timestamp": 1739480577509, "change_id": 88032364306, "instrument_name": "BTC-21FEB25", "bids": [[96472.5, 1100.0], [96470.0, 5220.0], [96467.5, 4250.0], [96465.0, 11940.0], [96462.5, 6600.0], [96460.0, 330.0], [96457.5, 1220.0], [96455.0, 2480.0], [96452.5, 5500.0], [96450.0, 3150.0], [96440.0, 1650.0], [96437.5, 5500.0], [96430.0, 1660.0], [96427.5, 5500.0], [96425.0, 20.0], [96420.0, 1690.0], [96417.5, 5500.0], [96412.5, 600.0], [96410.0, 2000.0], [96407.5, 1650.0]], "asks": [[96475.0, 10.0], [96482.5, 20.0], [96487.5, 1100.0], [96490.0, 120.0], [96495.0, 1100.0], [96500.0, 19650.0], [96502.5, 77220.0], [96505.0, 8650.0], [96517.5, 4450.0], [96520.0, 15500.0], [96525.0, 1660.0], [96530.0, 10200.0], [96532.5, 15670.0], [96537.5, 2390.0], [96540.0, 8650.0], [96542.5, 20.0], [96550.0, 7500.0], [96557.5, 1650.0], [96560.0, 5500.0], [96567.5, 1650.0]]}}}
{"jsonrpc": "2.0", "method": "subscription", "params": {"channel": "book.BTC-21FEB25.none.20.100ms", "data": {"timestamp": 1739480577971, "change_id": 88032364692, "instrument_name": "BTC-21FEB25", "bids": [[96472.5, 1100.0], [96470.0, 5220.0], [96467.5, 4250.0], [96465.0, 11940.0], [96462.5, 6600.0], [96460.0, 330.0], [96457.5, 1220.0], [96455.0, 2480.0], [96452.5, 5500.0], [96450.0, 3150.0], [96440.0, 1650.0], [96437.5, 5500.0], [96430.0, 1660.0], [96427.5, 5500.0], [96425.0, 20.0], [96420.0, 1690.0], [96417.5, 5500.0], [96412.5, 600.0], [96410.0, 2000.0], [96407.5, 1650.0]], "asks": [[96475.0, 10.0], [96482.5, 20.0], [96487.5, 1100.0], [96490.0, 120.0], [96495.0, 1100.0], [96497.5, 4250.0], [96500.0, 19650.0], [96502.5, 77220.0], [96505.0, 5500.0], [96517.5, 4450.0], [96520.0, 15500.0], [96525.0, 1660.0], [96530.0, 10200.0], [96532.5, 15670.0], [96537.5, 2390.0], [96540.0, 8650.0], [96542.5, 20.0], [96550.0, 7500.0], [96557.5, 1650.0], [96560.0, 5500.0]]}}}
{"jsonrpc": "2.0", "method": "subscription", "params": {"channel": "book.BTC-21FEB25.none.20.100ms", "data": {"timestamp": 1739480578621, "change_id": 88032365591, "instrument_name": "BTC-21FEB25", "bids": [[96472.5, 1100.0], [96470.0, 5220.0], [96467.5, 4250.0], [96465.0, 11940.0], [96462.5, 6600.0], [96460.0, 330.0], [96457.5, 1220.0], [96455.0, 2480.0], [96452.5, 5500.0], [96450.0, 3150.0], [96440.0, 1650.0], [96437.5, 5500.0], [96430.0, 1660.0], [96427.5, 5500.0], [96425.0, 20.0], [96420.0, 1690.0], [96417.5, 5500.0], [96412.5, 600.0], [96410.0, 2000.0], [96407.5, 1650.0]], "asks": [[96475.0, 10.0], [96482.5, 20.0], [96487.5, 1100.0], [96490.0, 120.0], [96495.0, 1100.0], [96497.5, 4250.0], [96500.0, 19650.0], [96502.5, 77220.0], [96505.0, 5500.0], [96517.5, 4450.0], [96520.0, 15500.0], [96525.0, 1660.0], [96530.0, 10200.0], [96532.5, 15670.0], [96537.5, 2390.0], [96540.0, 8650.0], [96542.5, 20.0], [96547.5, 2250.0], [96550.0, 7500.0], [96557.5, 1650.0]]}}}
{"jsonrpc": "2.0", "method": "subscription", "params": {"channel": "book.BTC-14FEB25.none.20.100ms", "data": {"timestamp": 1739480578482, "change_id": 88032365424, "instrument_name": "BTC-14FEB25", "bids": [[96357.5, 21810.0], [96355.0, 16180.0], [96352.5, 4900.0], [96350.0, 9410.0], [96347.5, 11900.0], [96345.0, 16250.0], [96342.5, 54900.0], [96340.0, 21240.0], [96335.0, 77060.0], [96332.5, 2980.0], [96330.0, 10800.0], [96320.0, 2110.0], [96317.5, 7000.0], [96310.0, 20.0], [96300.0, 10.0], [96292.5, 1000.0], [96290.0, 3340.0], [96287.5, 2100.0], [96285.0, 7000.0], [96282.5, 600.0]], "asks": [[96360.0, 10.0], [96370.0, 20.0], [96380.0, 1000.0], [96382.5, 3300.0], [96387.5, 2120.0], [96390.0, 7000.0], [96392.5, 3000.0], [96395.0, 10000.0], [96400.0, 2110.0], [96402.5, 7000.0], [96410.0, 2100.0], [96412.5, 7000.0], [96417.5, 990.0], [96420.0, 5420.0], [96422.5, 7000.0], [96425.0, 20.0], [96430.0, 2100.0], [96432.5, 7000.0], [96440.0, 10.0], [96450.0, 2700.0]]}}}
{"jsonrpc": "2.0", "method": "subscription", "params": {"channel": "book.BTC-14FEB25.none.20.100ms", "data": {"timestamp": 1739480578929, "change_id": 88032365887, "instrument_name": "BTC-14FEB25", "bids": [[96357.5, 21810.0], [96355.0, 16180.0], [96352.5, 4900.0], [96350.0, 9410.0], [96347.5, 11900.0], [96345.0, 16250.0], [96342.5, 54900.0], [96340.0, 21240.0], [96335.0, 77060.0], [96332.5, 2980.0], [96330.0, 10800.0], [96320.0, 2110.0], [96317.5, 7000.0], [96310.0, 20.0], [96300.0, 10.0], [96292.5, 1000.0], [96290.0, 3340.0], [96287.5, 2100.0], [96285.0, 7000.0], [96282.5, 600.0]], "asks": [[96360.0, 10.0], [96370.0, 20.0], [96375.0, 1410.0], [96377.5, 4700.0], [96380.0, 1000.0], [96382.5, 3300.0], [96387.5, 2120.0], [96390.0, 7000.0], [96392.5, 3000.0], [96395.0, 10000.0], [96400.0, 2110.0], [96402.5, 7000.0], [96410.0, 2100.0], [96412.5, 7000.0], [96417.5, 990.0], [96420.0, 5420.0], [96422.5, 7000.0], [96425.0, 20.0], [96430.0, 2100.0], [96432.5, 7000.0]]}}}
{"jsonrpc": "2.0", "method": "subscription", "params": {"channel": "book.BTC-14FEB25.none.20.100ms", "data": {"timestamp": 1739480579195, "change_id": 88032366376, "instrument_name": "BTC-14FEB25", "bids": [[96357.5, 21810.0], [96355.0, 16180.0], [96352.5, 4900.0], [96350.0, 9410.0], [96347.5, 11900.0], [96345.0, 16250.0], [96342.5, 54900.0], [96340.0, 21240.0], [96335.0, 77060.0], [96332.5, 2980.0], [96330.0, 10800.0], [96320.0, 2110.0], [96317.5, 7000.0], [96310.0, 20.0], [96300.0, 10.0], [96292.5, 1000.0], [96290.0, 3340.0], [96287.5, 2100.0], [96285.0, 7000.0], [96282.5, 600.0]], "asks": [[96360.0, 10.0], [96370.0, 20.0], [96380.0, 1000.0], [96382.5, 3300.0], [96387.5, 2120.0], [96390.0, 7000.0], [96392.5, 3000.0], [96395.0, 10000.0], [96400.0, 2110.0], [96402.5, 7000.0], [96410.0, 2100.0], [96412.5, 7000.0], [96417.5, 990.0], [96420.0, 5420.0], [96422.5, 7000.0], [96425.0, 20.0], [96430.0, 2100.0], [96432.5, 7000.0], [96440.0, 10.0], [96450.0, 2700.0]]}}}
{"jsonrpc": "2.0", "method": "subscription", "params": {"channel": "book.BTC-21FEB25.none.20.100ms", "data": {"timestamp": 1739480579623, "change_id": 88032366722, "instrument_name": "BTC-21FEB25", "bids": [[96472.5, 1100.0], [96470.0, 5220.0], [96467.5, 4250.0], [96465.0, 11940.0], [96462.5, 6600.0], [96460.0, 330.0], [96457.5, 1220.0], [96455.0, 2480.0], [96452.5, 5500.0], [96450.0, 3150.0], [96440.0, 1650.0], [96437.5, 5500.0], [96430.0, 1660.0], [96427.5, 5500.0], [96425.0, 20.0], [96420.0, 1690.0], [96417.5, 5500.0], [96412.5, 600.0], [96410.0, 2000.0], [96407.5, 1650.0]], "asks": [[96475.0, 10.0], [96482.5, 20.0], [96487.5, 1100.0], [96490.0, 120.0], [96495.0, 2380.0], [96497.5, 4250.0], [96500.0, 19650.0], [96502.5, 77220.0], [96505.0, 5500.0], [96517.5, 4450.0], [96520.0, 15500.0], [96525.0, 1660.0], [96530.0, 10200.0], [96532.5, 15670.0], [96537.5, 2390.0], [96540.0, 8650.0], [96542.5, 20.0], [96547.5, 2250.0], [96550.0, 7500.0], [96557.5, 1650.0]]}}}
{"jsonrpc": "2.0", "method": "subscription", "params": {"channel": "book.BTC-21FEB25.none.20.100ms", "data": {"timestamp": 1739480579998, "change_id": 88032366992, "instrument_name": "BTC-21FEB25", "bids": [[96472.5, 1100.0], [96470.0, 5220.0], [96467.5, 4250.0], [96465.0, 11940.0], [96462.5, 6600.0], [96460.0, 330.0], [96457.5, 1220.0], [96455.0, 2480.0], [96452.5, 5500.0], [96450.0, 3150.0], [96440.0, 1650.0], [96437.5, 5500.0], [96430.0, 1660.0], [96427.5, 5500.0], [96425.0, 20.0], [96420.0, 1690.0], [96417.5, 5500.0], [96412.5, 600.0], [96410.0, 2000.0], [96407.5, 1650.0]], "asks": [[96475.0, 10.0], [96482.5, 20.0], [96487.5, 1100.0], [96490.0, 120.0], [96495.0, 2380.0], [96497.5, 4250.0], [96500.0, 19650.0], [96502.5, 77220.0], [96505.0, 5500.0], [96517.5, 4450.0], [96520.0, 15500.0], [96525.0, 1660.0], [96530.0, 10200.0], [96532.5, 15670.0], [96537.5, 2390.0], [96540.0, 8650.0], [96542.5, 20.0], [96547.5, 2250.0], [96550.0, 7500.0], [96557.5, 1650.0]]}}}
{"jsonrpc": "2.0", "method": "subscription", "params": {"channel": "book.BTC-14FEB25.none.20.100ms", "data": {"timestamp": 1739480580408, "change_id": 88032367754, "instrument_name": "BTC-14FEB25", "bids": [[96357.5, 21810.0], [96355.0, 16180.0], [96352.5, 4900.0], [96350.0, 9410.0], [96347.5, 11900.0], [96345.0, 16250.0], [96342.5, 54900.0], [96340.0, 21240.0], [96335.0, 77060.0], [96332.5, 2980.0], [96330.0, 10800.0], [96320.0, 2110.0], [96317.5, 7000.0], [96310.0, 620.0], [96307.5, 2000.0], [96300.0, 10.0], [96292.5, 1000.0], [96290.0, 3340.0], [96287.5, 2100.0], [96285.0, 7000.0]], "asks": [[96360.0, 10.0], [96370.0, 20.0], [96380.0, 10.0], [96387.5, 1000.0], [96390.0, 3300.0], [96392.5, 3000.0], [96395.0, 10000.0], [96400.0, 2110.0], [96402.5, 7000.0], [96410.0, 2100.0], [96412.5, 7000.0], [96417.5, 990.0], [96420.0, 5420.0], [96422.5, 7000.0], [96425.0, 20.0], [96430.0, 2100.0], [96432.5, 7000.0], [96440.0, 10.0], [96450.0, 2700.0], [96452.5, 7000.0]]}}}
{"jsonrpc": "2.0", "method": "subscription", "params": {"channel": "book.BTC-21FEB25.none.20.100ms", "data": {"timestamp": 1739480580402, "change_id": 88032367748, "instrument_name": "BTC-21FEB25", "bids": [[96472.5, 1100.0], [96470.0, 5220.0], [96467.5, 4250.0], [96465.0, 11940.0], [96462.5, 6600.0], [96460.0, 330.0], [96457.5, 1220.0], [96455.0, 2480.0], [96452.5, 5500.0], [96450.0, 3150.0], [96440.0, 1650.0], [96437.5, 5500.0], [96430.0, 1660.0], [96427.5, 5500.0], [96425.0, 20.0], [96420.0, 1690.0], [96417.5, 5500.0], [96412.5, 600.0], [96410.0, 2000.0], [96407.5, 1650.0]], "asks": [[96475.0, 10.0], [96482.5, 20.0], [96487.5, 1100.0], [96490.0, 120.0], [96495.0, 1100.0], [96497.5, 1100.0], [96502.5, 77220.0], [96505.0, 8650.0], [96517.5, 4450.0], [96520.0, 15500.0], [96525.0, 1660.0], [96530.0, 10200.0], [96532.5, 15670.0], [96537.5, 2390.0], [96540.0, 8650.0], [96542.5, 20.0], [96547.5, 2250.0], [96550.0, 7500.0], [96557.5, 1650.0], [96560.0, 5500.0]]}}}
{"jsonrpc": "2.0", "method": "subscription", "params": {"channel": "book.BTC-14FEB25.none.20.100ms", "data": {"timestamp": 1739480580447, "change_id": 88032367785, "instrument_name": "BTC-14FEB25", "bids": [[96357.5, 21810.0], [96355.0, 16180.0], [96352.5, 4900.0], [96350.0, 9410.0], [96347.5, 11900.0], [96345.0, 16250.0], [96342.5, 54900.0], [96340.0, 21240.0], [96335.0, 77060.0], [96332.5, 2980.0], [96330.0, 10800.0], [96320.0, 2110.0], [96317.5, 7000.0], [96310.0, 620.0], [96307.5, 2000.0], [96300.0, 10.0], [96292.5, 1000.0], [96290.0, 3340.0], [96287.5, 2100.0], [96285.0, 7000.0]], "asks": [[96360.0, 10.0], [96370.0, 20.0], [96380.0, 10.0], [96387.5, 3120.0], [96390.0, 10300.0], [96392.5, 3000.0], [96395.0, 10000.0], [96400.0, 2110.0], [96402.5, 7000.0], [96410.0, 2100.0], [96412.5, 7000.0], [96417.5, 990.0], [96420.0, 5420.0], [96422.5, 7000.0], [96425.0, 20.0], [96430.0, 2100.0], [96432.5, 7000.0], [96440.0, 10.0], [96450.0, 2700.0], [96452.5, 7000.0]]}}}
{"jsonrpc": "2.0", "method": "subscription", "params": {"channel": "book.BTC-21FEB25.none.20.100ms", "data": {"timestamp": 1739480581027, "change_id": 88032368575, "instrument_name": "BTC-21FEB25", "bids": [[96472.5, 1100.0], [96470.0, 5220.0], [96467.5, 4250.0], [96465.0, 11940.0], [96462.5, 1100.0], [96460.0, 330.0], [96457.5, 1220.0], [96455.0, 2480.0], [96452.5, 5500.0], [96450.0, 3150.0], [96440.0, 1650.0], [96437.5, 5500.0], [96430.0, 1660.0], [96427.5, 5500.0], [96425.0, 20.0], [96420.0, 1690.0], [96417.5, 5500.0], [96412.5, 600.0], [96410.0, 2000.0], [96407.5, 1650.0]], "asks": [[96475.0, 10.0], [96482.5, 20.0], [96487.5, 1100.0], [96490.0, 120.0], [96492.5, 1650.0], [96495.0, 6450.0], [96497.5, 3150.0], [96500.0, 25760.0], [96502.5, 77220.0], [96505.0, 5500.0], [96517.5, 4450.0], [96520.0, 15500.0], [96525.0, 1660.0], [96530.0, 10200.0], [96532.5, 15670.0], [96537.5, 2390.0], [96540.0, 8650.0], [96542.5, 20.0], [96547.5, 2250.0], [96550.0, 7500.0]]}}}
{"jsonrpc": "2.0", "method": "subscription", "params": {"channel": "book.BTC-14FEB25.none.20.100ms", "data": {"timestamp": 1739480581028, "change_id": 88032368599, "instrument_name": "BTC-14FEB25", "bids": [[96357.5, 21810.0], [96355.0, 16180.0], [96352.5, 4900.0], [96350.0, 9410.0], [96347.5, 11900.0], [96345.0, 16250.0], [96342.5, 54900.0], [96340.0, 21240.0], [96335.0, 77060.0], [96332.5, 2980.0], [96330.0, 10800.0], [96320.0, 2110.0], [96317.5, 7000.0], [96310.0, 620.0], [96307.5, 2000.0], [96300.0, 10.0], [96292.5, 1000.0], [96290.0, 3340.0], [96287.5, 2100.0], [96285.0, 7000.0]], "asks": [[96360.0, 10.0], [96370.0, 20.0], [96380.0, 1000.0], [96382.5, 3300.0], [96387.5, 2130.0], [96390.0, 7000.0], [96392.5, 3000.0], [96395.0, 10000.0], [96400.0, 2110.0], [96402.5, 7000.0], [96410.0, 2100.0], [96412.5, 7000.0], [96417.5, 990.0], [96420.0, 5420.0], [96422.5, 7000.0], [96425.0, 20.0], [96430.0, 2100.0], [96432.5, 7000.0], [96440.0, 10.0], [96450.0, 2700.0]]}}}
{"jsonrpc": "2.0", "method": "subscription", "params": {"channel": "book.BTC-21FEB25.none.20.100ms", "data": {"timestamp": 1739480581161, "change_id": 88032368829, "instrument_name": "BTC-21FEB25", "bids": [[96472.5, 1100.0], [96470.0, 5220.0], [96467.5, 4250.0], [96465.0, 11940.0], [96462.5, 1100.0], [96460.0, 330.0], [96457.5, 1220.0], [96455.0, 2480.0], [96452.5, 5500.0], [96450.0, 3150.0], [96440.0, 1650.0], [96437.5, 5500.0], [96430.0, 1660.0], [96427.5, 5500.0], [96425.0, 20.0], [96420.0, 1690.0], [96417.5, 5500.0], [96412.5, 600.0], [96410.0, 2000.0], [96407.5, 1650.0]], "asks": [[96475.0, 10.0], [96482.5, 20.0], [96487.5, 1100.0], [96490.0, 120.0], [96495.0, 950.0], [96497.5, 3150.0], [96500.0, 25760.0], [96502.5, 77220.0], [96505.0, 5500.0], [96517.5, 4450.0], [96520.0, 15500.0], [96525.0, 1660.0], [96530.0, 10200.0], [96532.5, 15670.0], [96537.5, 2390.0], [96540.0, 8650.0], [96542.5, 20.0], [96547.5, 2250.0], [96550.0, 7500.0], [96557.5, 1650.0]]}}}
{"jsonrpc": "2.0", "method": "subscription", "params": {"channel": "book.BTC-21FEB25.none.20.100ms", "data": {"timestamp": 1739480581741, "change_id": 88032369383, "instrument_name": "BTC-21FEB25", "bids": [[96472.5, 1100.0], [96470.0, 5220.0], [96467.5, 4250.0], [96465.0, 11940.0], [96462.5, 1100.0], [96460.0, 330.0], [96457.5, 1220.0], [96455.0, 2480.0], [96452.5, 5500.0], [96450.0, 3150.0], [96440.0, 1650.0], [96437.5, 5500.0], [96430.0, 1660.0], [96427.5, 5500.0], [96425.0, 20.0], [96420.0, 1690.0], [96417.5, 5500.0], [96412.5, 600.0], [96410.0, 2000.0], [96407.5, 1650.0]], "asks": [[96475.0, 10.0], [96482.5, 20.0], [96487.5, 1100.0], [96490.0, 120.0], [96492.5, 1650.0], [96495.0, 6450.0], [96497.5, 3150.0], [96500.0, 25760.0], [96502.5, 77220.0], [96505.0, 5500.0], [96517.5, 4450.0], [96520.0, 15500.0], [96525.0, 1660.0], [96530.0, 10200.0], [96532.5, 15670.0], [96537.5, 2390.0], [96540.0, 8650.0], [96542.5, 20.0], [96547.5, 2250.0], [96550.0, 7500.0]]}}}
{"jsonrpc": "2.0", "method": "subscription", "params": {"channel": "book.BTC-14FEB25.none.20.100ms", "data": {"timestamp": 1739480581786, "change_id": 88032369495, "instrument_name": "BTC-14FEB25", "bids": [[96357.5, 21810.0], [96355.0, 16180.0], [96352.5, 4900.0], [96350.0, 9410.0], [96347.5, 11900.0], [96345.0, 16250.0], [96342.5, 54900.0], [96340.0, 21240.0], [96335.0, 77060.0], [96332.5, 2980.0], [96330.0, 10800.0], [96320.0, 2110.0], [96317.5, 7000.0], [96310.0, 620.0], [96307.5, 2000.0], [96300.0, 10.0], [96292.5, 1000.0], [96290.0, 3340.0], [96287.5, 2100.0], [96285.0, 7000.0]], "asks": [[96360.0, 10.0], [96370.0, 20.0], [96380.0, 10.0], [96382.5, 3300.0], [96387.5, 2130.0], [96390.0, 7000.0], [96392.5, 3000.0], [96395.0, 10000.0], [96400.0, 2110.0], [96402.5, 7000.0], [96410.0, 2100.0], [96412.5, 7000.0], [96417.5, 990.0], [96420.0, 5420.0], [96422.5, 7000.0], [96425.0, 20.0], [96430.0, 2100.0], [96432.5, 7000.0], [96440.0, 10.0], [96450.0, 2700.0]]}}}
{"jsonrpc": "2.0", "method": "subscription", "params": {"channel": "book.BTC-21FEB25.none.20.100ms", "data": {"timestamp": 1739480581889, "change_id": 88032369696, "instrument_name": "BTC-21FEB25", "bids": [[96472.5, 1100.0], [96470.0, 5220.0], [96467.5, 4250.0], [96465.0, 11940.0], [96462.5, 6600.0], [96460.0, 330.0], [96457.5, 1220.0], [96455.0, 2480.0], [96452.5, 5500.0], [96450.0, 3150.0], [96440.0, 1650.0], [96437.5, 5500.0], [96430.0, 1660.0], [96427.5, 5500.0], [96425.0, 20.0], [96420.0, 1690.0], [96417.5, 5500.0], [96412.5, 600.0], [96410.0, 2000.0], [96407.5, 1650.0]], "asks": [[96475.0, 10.0], [96482.5, 20.0], [96487.5, 1100.0], [96490.0, 120.0], [96497.5, 3150.0], [96500.0, 24820.0], [96502.5, 77220.0], [96505.0, 5500.0], [96517.5, 4450.0], [96520.0, 15500.0], [96525.0, 1660.0], [96530.0, 10200.0], [96532.5, 15670.0], [96537.5, 2390.0], [96540.0, 8650.0], [96542.5, 20.0], [96547.5, 2250.0], [96550.0, 7500.0], [96557.5, 1650.0], [96560.0, 5500.0]]}}}
{"jsonrpc": "2.0", "method": "subscription", "params": {"channel": "book.BTC-14FEB25.none.20.100ms", "data": {"timestamp": 1739480582101, "change_id": 88032370240, "instrument_name": "BTC-14FEB25", "bids": [[96357.5, 21810.0], [96355.0, 16180.0], [96352.5, 4900.0], [96350.0, 9410.0], [96347.5, 11900.0], [96345.0, 16250.0], [96342.5, 54900.0], [96332.5, 2980.0], [96330.0, 10800.0], [96320.0, 2110.0], [96317.5, 7000.0], [96310.0, 620.0], [96307.5, 2000.0], [96300.0, 10.0], [96292.5, 1000.0], [96290.0, 3340.0], [96287.5, 2100.0], [96285.0, 7000.0], [96280.0, 10.0], [96277.5, 2110.0]], "asks": [[96360.0, 10.0], [96370.0, 20.0], [96380.0, 1000.0], [96382.5, 3300.0], [96387.5, 2130.0], [96390.0, 7000.0], [96392.5, 3000.0], [96395.0, 10000.0], [96400.0, 2110.0], [96402.5, 7000.0], [96410.0, 2100.0], [96412.5, 7000.0], [96417.5, 990.0], [96420.0, 5420.0], [96422.5, 7000.0], [96425.0, 20.0], [96430.0, 2100.0], [96432.5, 7000.0], [96440.0, 10.0], [96450.0, 2700.0]]}}}
{"jsonrpc": "2.0", "method": "subscription", "params": {"channel": "book.BTC-21FEB25.none.20.100ms", "data": {"timestamp": 1739480582246, "change_id": 88032370445, "instrument_name": "BTC-21FEB25", "bids": [[96472.5, 1100.0], [96470.0, 5220.0], [96467.5, 4250.0], [96465.0, 11940.0], [96462.5, 6600.0], [96460.0, 330.0], [96457.5, 1220.0], [96455.0, 2480.0], [96452.5, 5500.0], [96450.0, 3150.0], [96440.0, 1650.0], [96437.5, 5500.0], [96430.0, 1660.0], [96427.5, 5500.0], [96425.0, 20.0], [96420.0, 1690.0], [96417.5, 5500.0], [96412.5, 600.0], [96410.0, 2000.0], [96407.5, 1650.0]], "asks": [[96475.0, 10.0], [96482.5, 20.0], [96487.5, 1100.0], [96490.0, 120.0], [96497.5, 3150.0], [96500.0, 24820.0], [96502.5, 93720.0], [96505.0, 5500.0], [96517.5, 4450.0], [96520.0, 15500.0], [96525.0, 1660.0], [96530.0, 5500.0], [96537.5, 2390.0], [96540.0, 8650.0], [96542.5, 20.0], [96547.5, 2250.0], [96550.0, 7500.0], [96557.5, 1650.0], [96560.0, 5500.0], [96567.5, 1650.0]]}}}
{"jsonrpc": "2.0", "method": "subscription", "params": {"channel": "book.BTC-14FEB25.none.20.100ms", "data": {"timestamp": 1739480582735, "change_id": 88032371042, "instrument_name": "BTC-14FEB25", "bids": [[96357.5, 21810.0], [96355.0, 16180.0], [96352.5, 4900.0], [96350.0, 9410.0], [96347.5, 11900.0], [96345.0, 16250.0], [96342.5, 54900.0], [96332.5, 16130.0], [96330.0, 53180.0], [96320.0, 2110.0], [96317.5, 7000.0], [96310.0, 620.0], [96307.5, 2000.0], [96300.0, 10.0], [96292.5, 1000.0], [96290.0, 3340.0], [96287.5, 2100.0], [96285.0, 7000.0], [96280.0, 10.0], [96277.5, 2110.0]], "asks": [[96360.0, 10.0], [96370.0, 20.0], [96380.0, 10.0], [96387.5, 2990.0], [96390.0, 10300.0], [96400.0, 2110.0], [96402.5, 7000.0], [96405.0, 120.0], [96410.0, 4840.0], [96412.5, 17000.0], [96417.5, 990.0], [96420.0, 5420.0], [96422.5, 7000.0], [96425.0, 20.0], [96430.0, 2100.0], [96432.5, 7000.0], [96440.0, 10.0], [96450.0, 2700.0], [96452.5, 7000.0], [96455.0, 2000.0]]}}}
{"jsonrpc": "2.0", "method": "subscription", "params": {"channel": "book.BTC-21FEB25.none.20.100ms", "data": {"timestamp": 1739480582655, "change_id": 88032371036, "instrument_name": "BTC-21FEB25", "bids": [[96472.5, 1100.0], [96470.0, 5220.0], [96467.5, 4250.0], [96465.0, 11940.0], [96462.5, 6600.0], [96460.0, 330.0], [96457.5, 1220.0], [96455.0, 2480.0], [96452.5, 5500.0], [96450.0, 3150.0], [96440.0, 1650.0], [96437.5, 5500.0], [96430.0, 1660.0], [96427.5, 5500.0], [96425.0, 20.0], [96420.0, 1690.0], [96417.5, 5500.0], [96412.5, 600.0], [96410.0, 2000.0], [96407.5, 1650.0]], "asks": [[96475.0, 10.0], [96482.5, 20.0], [96502.5, 77220.0], [96505.0, 8650.0], [96507.5, 120.0], [96517.5, 4660.0], [96520.0, 15500.0], [96525.0, 1660.0], [96530.0, 5500.0], [96532.5, 16250.0], [96537.5, 2390.0], [96540.0, 8650.0], [96542.5, 20.0], [96547.5, 2250.0], [96550.0, 7500.0], [96557.5, 1650.0], [96560.0, 5500.0], [96567.5, 1650.0], [96570.0, 5500.0], [96577.5, 1660.0]]}}}
{"jsonrpc": "2.0", "method": "subscription", "params": {"channel": "book.BTC-21FEB25.none.20.100ms", "data": {"timestamp": 1739480582823, "change_id": 88032371869, "instrument_name": "BTC-21FEB25", "bids": [[96472.5, 6600.0], [96470.0, 5220.0], [96467.5, 4250.0], [96465.0, 11940.0], [96462.5, 6600.0], [96460.0, 330.0], [96457.5, 1220.0], [96455.0, 17290.0], [96452.5, 55500.0], [96450.0, 3150.0], [96440.0, 1650.0], [96437.5, 5500.0], [96430.0, 1660.0], [96427.5, 5500.0], [96425.0, 20.0], [96420.0, 1690.0], [96417.5, 5500.0], [96412.5, 600.0], [96410.0, 2000.0], [96407.5, 1650.0]], "asks": [[96475.0, 10.0], [96482.5, 20.0], [96490.0, 2000.0], [96502.5, 20.0], [96507.5, 120.0], [96510.0, 950.0], [96512.5, 3150.0], [96517.5, 4660.0], [96520.0, 15500.0], [96525.0, 1660.0], [96530.0, 5500.0], [96537.5, 2390.0], [96540.0, 8650.0], [96542.5, 20.0], [96550.0, 5500.0], [96557.5, 1650.0], [96560.0, 5500.0], [96567.5, 1650.0], [96570.0, 5500.0], [96572.5, 16350.0]]}}}
{"jsonrpc": "2.0", "method": "subscription", "params": {"channel": "book.BTC-14FEB25.none.20.100ms", "data": {"timestamp": 1739480583073, "change_id": 88032372122, "instrument_name": "BTC-14FEB25", "bids": [[96357.5, 21810.0], [96355.0, 16180.0], [96352.5, 4900.0], [96350.0, 9410.0], [96347.5, 11900.0], [96345.0, 16250.0], [96342.5, 50000.0], [96332.5, 16130.0], [96330.0, 53180.0], [96320.0, 2110.0], [96317.5, 7000.0], [96310.0, 620.0], [96307.5, 2000.0], [96300.0, 10.0], [96292.5, 1000.0], [96290.0, 3340.0], [96287.5, 2100.0], [96285.0, 7000.0], [96280.0, 10.0], [96277.5, 2110.0]], "asks": [[96360.0, 10.0], [96370.0, 20.0], [96380.0, 10.0], [96387.5, 20.0], [96395.0, 990.0], [96397.5, 3300.0], [96400.0, 2110.0], [96402.5, 7000.0], [96405.0, 120.0], [96410.0, 4840.0], [96412.5, 17000.0], [96417.5, 990.0], [96420.0, 5420.0], [96422.5, 7000.0], [96425.0, 20.0], [96430.0, 2100.0], [96432.5, 7000.0], [96440.0, 10.0], [96450.0, 2700.0], [96452.5, 7000.0]]}}}
{"jsonrpc": "2.0", "method": "subscription", "params": {"channel": "book.BTC-21FEB25.none.20.100ms", "data": {"timestamp": 1739480583299, "change_id": 88032372623, "instrument_name": "BTC-21FEB25", "bids": [[96472.5, 6600.0], [96470.0, 5220.0], [96467.5, 4250.0], [96465.0, 11940.0], [96462.5, 6600.0], [96460.0, 330.0], [96457.5, 1220.0], [96455.0, 17290.0], [96452.5, 55500.0], [96450.0, 3150.0], [96440.0, 1650.0], [96437.5, 5500.0], [96430.0, 1660.0], [96427.5, 5500.0], [96425.0, 20.0], [96420.0, 1690.0], [96417.5, 5500.0], [96412.5, 600.0], [96410.0, 2000.0], [96407.5, 1650.0]], "asks": [[96475.0, 10.0], [96482.5, 20.0], [96502.5, 20.0], [96505.0, 5500.0], [96507.5, 120.0], [96510.0, 5760.0], [96512.5, 19590.0], [96517.5, 4660.0], [96520.0, 15500.0], [96525.0, 1660.0], [96530.0, 5500.0], [96537.5, 2390.0], [96540.0, 8650.0], [96542.5, 20.0], [96547.5, 1650.0], [96550.0, 5500.0], [96555.0, 2000.0], [96557.5, 1650.0], [96560.0, 5500.0], [96567.5, 1650.0]]}}}
{"jsonrpc": "2.0", "method": "subscription", "params": {"channel": "book.BTC-14FEB25.none.20.100ms", "data": {"timestamp": 1739480583341, "change_id": 88032372661, "instrument_name": "BTC-14FEB25", "bids": [[96357.5, 21810.0], [96355.0, 16180.0], [96352.5, 4900.0], [96350.0, 9410.0], [96347.5, 11900.0], [96345.0, 16250.0], [96342.5, 50000.0], [96332.5, 400.0], [96330.0, 10300.0], [96320.0, 2110.0], [96317.5, 7000.0], [96310.0, 620.0], [96307.5, 2000.0], [96300.0, 10.0], [96292.5, 1000.0], [96290.0, 3340.0], [96287.5, 2100.0], [96285.0, 7000.0], [96280.0, 10.0], [96277.5, 2110.0]], "asks": [[96360.0, 10.0], [96370.0, 20.0], [96380.0, 10.0], [96387.5, 20.0], [96395.0, 990.0], [96397.5, 3300.0], [96400.0, 2110.0], [96402.5, 7000.0], [96405.0, 120.0], [96410.0, 4840.0], [96412.5, 17000.0], [96417.5, 990.0], [96420.0, 5420.0], [96422.5, 7000.0], [96425.0, 20.0], [96430.0, 2100.0], [96432.5, 7000.0], [96440.0, 10.0], [96450.0, 2700.0], [96452.5, 7000.0]]}}}
