{"jsonrpc": "2.0", "method": "subscription", "params": {"channel": "book.BTC-7MAR25.none.20.100ms", "data": {"timestamp": 1741015660340, "change_id": 90639755697, "instrument_name": "BTC-7MAR25", "bids": [[91002.5, 14000.0], [90995.0, 90.0], [90992.5, 7000.0], [90990.0, 20000.0], [90982.5, 120.0], [90980.0, 7000.0], [90970.0, 23280.0], [90960.0, 7000.0], [90937.5, 59930.0], [90925.0, 7000.0], [90922.5, 40.0], [90905.0, 7000.0], [90880.0, 7000.0], [90870.0, 7000.0], [90860.0, 7000.0], [90850.0, 7040.0], [90840.0, 7000.0], [90830.0, 7000.0], [90805.0, 7000.0], [90782.5, 26230.0]], "asks": [[91035.0, 120.0], [91060.0, 7000.0], [91067.5, 20000.0], [91070.0, 7040.0], [91090.0, 7000.0], [91097.5, 50000.0], [91100.0, 7000.0], [91102.5, 16440.0], [91110.0, 7000.0], [91132.5, 7000.0], [91142.5, 7040.0], [91160.0, 7000.0], [91175.0, 7000.0], [91185.0, 7000.0], [91210.0, 22570.0], [91215.0, 105040.0], [91225.0, 7000.0], [91227.5, 500.0], [91272.5, 210000.0], [91275.0, 7000.0]]}}}
{"jsonrpc": "2.0", "method": "subscription", "params": {"channel": "book.BTC-14MAR25.none.20.100ms", "data": {"timestamp": 1741015660342, "change_id": 90639755707, "instrument_name": "BTC-14MAR25", "bids": [[91082.5, 4850.0], [91080.0, 4970.0], [91075.0, 20000.0], [91067.5, 24700.0], [91040.0, 4850.0], [91037.5, 64710.0], [91027.5, 4850.0], [91017.5, 4850.0], [90995.0, 20.0], [90970.0, 4850.0], [90922.5, 4870.0], [90867.5, 410.0], [90860.0, 4850.0], [90857.5, 105000.0], [90850.0, 20.0], [90780.0, 4850.0], [90777.5, 20.0], [90707.5, 4850.0], [90705.0, 20.0], [90672.5, 21970.0]], "asks": [[91110.0, 10.0], [91142.5, 20.0], [91145.0, 120.0], [91155.0, 8880.0], [91170.0, 4850.0], [91185.0, 4850.0], [91205.0, 70000.0], [91207.5, 30060.0], [91215.0, 20.0], [91217.5, 4850.0], [91277.5, 4850.0], [91287.5, 4870.0], [91302.5, 105000.0], [91307.5, 4850.0], [91325.0, 380.0], [91342.5, 3460.0], [91355.0, 4850.0], [91360.0, 13880.0], [91362.5, 210000.0], [91365.0, 4850.0]]}}}
{"jsonrpc": "2.0", "method": "subscription", "params": {"channel": "book.BTC-14MAR25.none.20.100ms", "data": {"timestamp": 1741015660672, "change_id": 90639757276, "instrument_name": "BTC-14MAR25", "bids": [[91092.5, 9000.0], [91082.5, 4850.0], [91067.5, 24700.0], [91027.5, 4850.0], [91017.5, 4850.0], [90995.0, 20.0], [90970.0, 4850.0], [90922.5, 4870.0], [90867.5, 410.0], [90860.0, 4850.0], [90857.5, 105000.0], [90850.0, 20.0], [90780.0, 4850.0], [90777.5, 20.0], [90707.5, 4850.0], [90705.0, 20.0], [90672.5, 21970.0], [90670.0, 17320.0], [90667.5, 4850.0], [90662.5, 210000.0]], "asks": [[91110.0, 10.0], [91142.5, 20.0], [91145.0, 120.0], [91185.0, 4850.0], [91205.0, 70000.0], [91207.5, 30060.0], [91215.0, 20.0], [91277.5, 4850.0], [91287.5, 4870.0], [91302.5, 105000.0], [91307.5, 4850.0], [91325.0, 380.0], [91342.5, 3460.0], [91355.0, 4850.0], [91360.0, 13880.0], [91362.5, 210000.0], [91365.0, 4850.0], [91375.0, 4850.0], [91385.0, 4850.0], [91420.0, 4850.0]]}}}
{"jsonrpc": "2.0", "method": "subscription", "params": {"channel": "book.BTC-7MAR25.none.20.100ms", "data": {"timestamp": 1741015660668, "change_id": 90639757270, "instrument_name": "BTC-7MAR25", "bids": [[91002.5, 20000.0], [90992.5, 8890.0], [90982.5, 120.0], [90980.0, 7000.0], [90970.0, 23280.0], [90960.0, 7000.0], [90925.0, 7000.0], [90922.5, 40.0], [90905.0, 7000.0], [90880.0, 7000.0], [90870.0, 7000.0], [90860.0, 7000.0], [90850.0, 7040.0], [90840.0, 7000.0], [90830.0, 7000.0], [90805.0, 7000.0], [90782.5, 26230.0], [90777.5, 40.0], [90775.0, 7000.0], [90770.0, 105000.0]], "asks": [[91035.0, 14120.0], [91040.0, 2000.0], [91057.5, 20000.0], [91060.0, 7000.0], [91070.0, 7040.0], [91090.0, 7000.0], [91100.0, 57000.0], [91102.5, 16440.0], [91110.0, 7000.0], [91132.5, 7000.0], [91142.5, 7040.0], [91160.0, 7000.0], [91175.0, 7000.0], [91185.0, 7000.0], [91210.0, 22570.0], [91215.0, 105040.0], [91225.0, 7000.0], [91227.5, 500.0], [91272.5, 210000.0], [91275.0, 7000.0]]}}}
{"jsonrpc": "2.0", "method": "subscription", "params": {"channel": "book.BTC-7MAR25.none.20.100ms", "data": {"timestamp": 1741015660953, "change_id": 90639758658, "instrument_name": "BTC-7MAR25", "bids": [[91002.5, 12000.0], [91000.0, 12000.0], [90992.5, 32000.0], [90990.0, 12000.0], [90987.5, 8890.0], [90982.5, 120.0], [90980.0, 7000.0], [90970.0, 7000.0], [90960.0, 23590.0], [90925.0, 7000.0], [90922.5, 40.0], [90905.0, 7000.0], [90880.0, 7000.0], [90870.0, 7000.0], [90860.0, 7000.0], [90850.0, 7040.0], [90840.0, 7000.0], [90830.0, 7000.0], [90805.0, 7000.0], [90782.5, 26230.0]], "asks": [[91035.0, 14120.0], [91040.0, 2000.0], [91042.5, 28890.0], [91045.0, 7000.0], [91060.0, 7000.0], [91070.0, 7040.0], [91090.0, 7000.0], [91100.0, 57000.0], [91102.5, 16440.0], [91110.0, 7000.0], [91132.5, 7000.0], [91142.5, 7040.0], [91160.0, 7000.0], [91175.0, 7000.0], [91185.0, 7000.0], [91210.0, 22570.0], [91215.0, 105040.0], [91225.0, 7000.0], [91227.5, 500.0], [91272.5, 210000.0]]}}}
{"jsonrpc": "2.0", "method": "subscription", "params": {"channel": "book.BTC-14MAR25.none.20.100ms", "data": {"timestamp": 1741015660882, "change_id": 90639758474, "instrument_name": "BTC-14MAR25", "bids": [[91090.0, 33730.0], [91082.5, 4850.0], [91080.0, 120.0], [91075.0, 29310.0], [91065.0, 24310.0], [91027.5, 4850.0], [91017.5, 4850.0], [90995.0, 20.0], [90970.0, 4850.0], [90922.5, 4870.0], [90867.5, 410.0], [90860.0, 4850.0], [90857.5, 105000.0], [90850.0, 20.0], [90780.0, 4850.0], [90777.5, 20.0], [90707.5, 4850.0], [90705.0, 20.0], [90672.5, 21970.0], [90670.0, 17320.0]], "asks": [[91110.0, 10.0], [91142.5, 8900.0], [91145.0, 120.0], [91185.0, 4850.0], [91205.0, 70000.0], [91207.5, 30060.0], [91215.0, 20.0], [91277.5, 4850.0], [91287.5, 4870.0], [91302.5, 105000.0], [91307.5, 4850.0], [91325.0, 380.0], [91342.5, 3460.0], [91355.0, 4850.0], [91360.0, 13880.0], [91362.5, 210000.0], [91365.0, 4850.0], [91375.0, 4850.0], [91385.0, 4850.0], [91420.0, 4850.0]]}}}
{"jsonrpc": "2.0", "method": "subscription", "params": {"channel": "book.BTC-7MAR25.none.20.100ms", "data": {"timestamp": 1741015661204, "change_id": 90639759461, "instrument_name": "BTC-7MAR25", "bids": [[91002.5, 5000.0], [91000.0, 5000.0], [90995.0, 8890.0], [90992.5, 32000.0], [90990.0, 7000.0], [90982.5, 120.0], [90980.0, 7000.0], [90970.0, 7000.0], [90960.0, 23590.0], [90925.0, 7000.0], [90922.5, 40.0], [90905.0, 7000.0], [90880.0, 7000.0], [90870.0, 7000.0], [90860.0, 7000.0], [90850.0, 7040.0], [90840.0, 7000.0], [90830.0, 7000.0], [90805.0, 7000.0], [90782.5, 26230.0]], "asks": [[91035.0, 14120.0], [91040.0, 2000.0], [91042.5, 28890.0], [91045.0, 7000.0], [91060.0, 7000.0], [91070.0, 7040.0], [91090.0, 7000.0], [91100.0, 57000.0], [91102.5, 16440.0], [91110.0, 7000.0], [91132.5, 7000.0], [91142.5, 7040.0], [91160.0, 7000.0], [91175.0, 7000.0], [91185.0, 7000.0], [91210.0, 22570.0], [91215.0, 105040.0], [91225.0, 7000.0], [91227.5, 500.0], [91272.5, 210000.0]]}}}
{"jsonrpc": "2.0", "method": "subscription", "params": {"channel": "book.BTC-7MAR25.none.20.100ms", "data": {"timestamp": 1741015661662, "change_id": 90639760964, "instrument_name": "BTC-7MAR25", "bids": [[90992.5, 27000.0], [90970.0, 7000.0], [90960.0, 23590.0], [90925.0, 7000.0], [90922.5, 40.0], [90905.0, 7000.0], [90880.0, 7000.0], [90870.0, 7000.0], [90860.0, 7000.0], [90850.0, 7040.0], [90840.0, 7000.0], [90830.0, 7000.0], [90805.0, 7000.0], [90782.5, 26230.0], [90777.5, 40.0], [90775.0, 7000.0], [90770.0, 105000.0], [90760.0, 500.0], [90707.5, 7000.0], [90705.0, 40.0]], "asks": [[91025.0, 7120.0], [91035.0, 14000.0], [91042.5, 28890.0], [91045.0, 7000.0], [91060.0, 7000.0], [91070.0, 7040.0], [91090.0, 7000.0], [91100.0, 57000.0], [91102.5, 16440.0], [91110.0, 7000.0], [91132.5, 7000.0], [91142.5, 7040.0], [91160.0, 7000.0], [91175.0, 7000.0], [91185.0, 7000.0], [91210.0, 22570.0], [91215.0, 105040.0], [91225.0, 7000.0], [91227.5, 500.0], [91272.5, 210000.0]]}}}
{"jsonrpc": "2.0", "method": "subscription", "params": {"channel": "book.BTC-14MAR25.none.20.100ms", "data": {"timestamp": 1741015661652, "change_id": 90639760863, "instrument_name": "BTC-14MAR25", "bids": [[91090.0, 28880.0], [91075.0, 29310.0], [91065.0, 24310.0], [91027.5, 4850.0], [91017.5, 4850.0], [90995.0, 20.0], [90970.0, 4850.0], [90922.5, 4870.0], [90867.5, 410.0], [90860.0, 4850.0], [90857.5, 105000.0], [90850.0, 20.0], [90780.0, 4850.0], [90777.5, 20.0], [90707.5, 4850.0], [90705.0, 20.0], [90672.5, 21970.0], [90670.0, 17320.0], [90667.5, 4850.0], [90662.5, 210000.0]], "asks": [[91110.0, 2910.0], [91142.5, 8900.0], [91145.0, 120.0], [91180.0, 2000.0], [91185.0, 4850.0], [91205.0, 70000.0], [91207.5, 30060.0], [91215.0, 20.0], [91277.5, 4850.0], [91287.5, 4870.0], [91302.5, 105000.0], [91307.5, 4850.0], [91325.0, 380.0], [91342.5, 3460.0], [91355.0, 4850.0], [91360.0, 13880.0], [91362.5, 210000.0], [91365.0, 4850.0], [91375.0, 4850.0], [91385.0, 4850.0]]}}}
{"jsonrpc": "2.0", "method": "subscription", "params": {"channel": "book.BTC-14MAR25.none.20.100ms", "data": {"timestamp": 1741015661971, "change_id": 90639762839, "instrument_name": "BTC-14MAR25", "bids": [[91075.0, 8880.0], [91070.0, 20000.0], [91052.5, 120.0], [91050.0, 25520.0], [91017.5, 4850.0], [90995.0, 20.0], [90970.0, 4850.0], [90922.5, 4870.0], [90867.5, 410.0], [90860.0, 26820.0], [90857.5, 105000.0], [90850.0, 4870.0], [90825.0, 22210.0], [90820.0, 4850.0], [90802.5, 45970.0], [90800.0, 4850.0], [90787.5, 45730.0], [90780.0, 4850.0], [90777.5, 20.0], [90707.5, 4850.0]], "asks": [[91107.5, 4850.0], [91110.0, 4860.0], [91120.0, 120.0], [91125.0, 8880.0], [91142.5, 20.0], [91180.0, 2000.0], [91185.0, 4850.0], [91205.0, 70000.0], [91207.5, 30060.0], [91215.0, 20.0], [91277.5, 4850.0], [91287.5, 4870.0], [91302.5, 105000.0], [91307.5, 4850.0], [91325.0, 380.0], [91340.0, 14710.0], [91342.5, 3460.0], [91355.0, 27070.0], [91360.0, 13880.0], [91362.5, 210000.0]]}}}
{"jsonrpc": "2.0", "method": "subscription", "params": {"channel": "book.BTC-7MAR25.none.20.100ms", "data": {"timestamp": 1741015661986, "change_id": 90639762887, "instrument_name": "BTC-7MAR25", "bids": [[90980.0, 14910.0], [90977.5, 5000.0], [90975.0, 8890.0], [90972.5, 20000.0], [90970.0, 7000.0], [90960.0, 7000.0], [90950.0, 120.0], [90945.0, 16650.0], [90925.0, 7000.0], [90922.5, 40.0], [90905.0, 7000.0], [90880.0, 7000.0], [90870.0, 7000.0], [90860.0, 7000.0], [90850.0, 7040.0], [90840.0, 7000.0], [90830.0, 7000.0], [90805.0, 7000.0], [90800.0, 118620.0], [90785.0, 7000.0]], "asks": [[91012.5, 14000.0], [91015.0, 120.0], [91025.0, 8890.0], [91032.5, 22000.0], [91035.0, 14000.0], [91037.5, 50000.0], [91045.0, 7000.0], [91060.0, 7000.0], [91070.0, 7040.0], [91090.0, 7000.0], [91100.0, 7000.0], [91110.0, 7000.0], [91132.5, 7000.0], [91142.5, 7040.0], [91160.0, 7000.0], [91175.0, 7000.0], [91185.0, 7000.0], [91210.0, 22570.0], [91215.0, 105040.0], [91225.0, 7000.0]]}}}
{"jsonrpc": "2.0", "method": "subscription", "params": {"channel": "book.BTC-7MAR25.none.20.100ms", "data": {"timestamp": 1741015662317, "change_id": 90639764148, "instrument_name": "BTC-7MAR25", "bids": [[90982.5, 12000.0], [90980.0, 12000.0], [90977.5, 13890.0], [90972.5, 20000.0], [90970.0, 7000.0], [90960.0, 7120.0], [90925.0, 7000.0], [90922.5, 40.0], [90920.0, 16280.0], [90880.0, 7000.0], [90870.0, 7000.0], [90860.0, 7000.0], [90850.0, 7040.0], [90840.0, 7000.0], [90830.0, 7000.0], [90805.0, 7000.0], [90800.0, 118620.0], [90785.0, 7000.0], [90782.5, 26230.0], [90777.5, 40.0]], "asks": [[91005.0, 120.0], [91012.5, 7000.0], [91025.0, 15890.0], [91032.5, 22000.0], [91035.0, 14000.0], [91037.5, 50000.0], [91060.0, 7000.0], [91070.0, 23720.0], [91090.0, 7000.0], [91100.0, 7000.0], [91110.0, 7000.0], [91132.5, 7000.0], [91142.5, 7040.0], [91160.0, 7000.0], [91175.0, 7000.0], [91185.0, 7000.0], [91210.0, 22570.0], [91215.0, 105040.0], [91225.0, 7000.0], [91227.5, 500.0]]}}}
{"jsonrpc": "2.0", "method": "subscription", "params": {"channel": "book.BTC-14MAR25.none.20.100ms", "data": {"timestamp": 1741015662316, "change_id": 90639764147, "instrument_name": "BTC-14MAR25", "bids": [[91077.5, 13730.0], [91072.5, 4850.0], [91070.0, 20000.0], [91065.0, 120.0], [91030.0, 4850.0], [91025.0, 24900.0], [91017.5, 4850.0], [90995.0, 20.0], [90970.0, 4850.0], [90922.5, 4870.0], [90867.5, 410.0], [90860.0, 26820.0], [90857.5, 105000.0], [90850.0, 4870.0], [90825.0, 22210.0], [90820.0, 4850.0], [90802.5, 45970.0], [90800.0, 4850.0], [90787.5, 45730.0], [90780.0, 4850.0]], "asks": [[91110.0, 10.0], [91120.0, 120.0], [91125.0, 8880.0], [91142.5, 20.0], [91180.0, 2000.0], [91185.0, 4850.0], [91205.0, 70000.0], [91207.5, 30060.0], [91215.0, 20.0], [91277.5, 4850.0], [91287.5, 4870.0], [91302.5, 105000.0], [91307.5, 4850.0], [91325.0, 380.0], [91340.0, 14710.0], [91342.5, 3460.0], [91355.0, 27070.0], [91360.0, 13880.0], [91362.5, 210000.0], [91365.0, 4850.0]]}}}
{"jsonrpc": "2.0", "method": "subscription", "params": {"channel": "book.BTC-14MAR25.none.20.100ms", "data": {"timestamp": 1741015662610, "change_id": 90639765159, "instrument_name": "BTC-14MAR25", "bids": [[91080.0, 4850.0], [91077.5, 13730.0], [91070.0, 20000.0], [91065.0, 120.0], [91052.5, 39000.0], [91030.0, 4850.0], [91025.0, 24900.0], [91017.5, 4850.0], [90995.0, 20.0], [90970.0, 4850.0], [90922.5, 4870.0], [90867.5, 410.0], [90860.0, 26820.0], [90857.5, 105000.0], [90850.0, 4870.0], [90825.0, 22210.0], [90820.0, 4850.0], [90802.5, 45970.0], [90800.0, 4850.0], [90787.5, 45730.0]], "asks": [[91110.0, 10.0], [91120.0, 120.0], [91127.5, 2900.0], [91130.0, 8880.0], [91142.5, 20.0], [91160.0, 4850.0], [91180.0, 2000.0], [91182.5, 20000.0], [91185.0, 4850.0], [91190.0, 50000.0], [91192.5, 24460.0], [91207.5, 4850.0], [91215.0, 20.0], [91277.5, 4850.0], [91287.5, 4870.0], [91297.5, 4850.0], [91302.5, 105000.0], [91307.5, 4850.0], [91325.0, 380.0], [91340.0, 14710.0]]}}}
{"jsonrpc": "2.0", "method": "subscription", "params": {"channel": "book.BTC-7MAR25.none.20.100ms", "data": {"timestamp": 1741015662546, "change_id": 90639765026, "instrument_name": "BTC-7MAR25", "bids": [[90985.0, 5000.0], [90982.5, 5000.0], [90980.0, 12000.0], [90977.5, 28890.0], [90970.0, 7000.0], [90960.0, 7120.0], [90925.0, 7000.0], [90922.5, 40.0], [90920.0, 16280.0], [90880.0, 7000.0], [90870.0, 7000.0], [90860.0, 7000.0], [90850.0, 7040.0], [90840.0, 7000.0], [90830.0, 7000.0], [90805.0, 7000.0], [90800.0, 118620.0], [90785.0, 7000.0], [90782.5, 26230.0], [90777.5, 40.0]], "asks": [[91005.0, 120.0], [91012.5, 7000.0], [91025.0, 7000.0], [91027.5, 8890.0], [91032.5, 22000.0], [91035.0, 14000.0], [91037.5, 50000.0], [91060.0, 7000.0], [91070.0, 23720.0], [91090.0, 7000.0], [91100.0, 7000.0], [91110.0, 7000.0], [91132.5, 7000.0], [91142.5, 7040.0], [91160.0, 7000.0], [91175.0, 7000.0], [91185.0, 7000.0], [91210.0, 22570.0], [91215.0, 105040.0], [91225.0, 7000.0]]}}}
{"jsonrpc": "2.0", "method": "subscription", "params": {"channel": "book.BTC-14MAR25.none.20.100ms", "data": {"timestamp": 1741015662904, "change_id": 90639766303, "instrument_name": "BTC-14MAR25", "bids": [[91070.0, 28880.0], [91065.0, 120.0], [91052.5, 39000.0], [91025.0, 24900.0], [91017.5, 4850.0], [90995.0, 20.0], [90970.0, 4850.0], [90922.5, 4870.0], [90867.5, 410.0], [90860.0, 26820.0], [90857.5, 105000.0], [90850.0, 4870.0], [90825.0, 22210.0], [90820.0, 4850.0], [90802.5, 45970.0], [90800.0, 4850.0], [90787.5, 45730.0], [90780.0, 4850.0], [90777.5, 20.0], [90707.5, 4850.0]], "asks": [[91110.0, 130.0], [91120.0, 8880.0], [91127.5, 2900.0], [91142.5, 20.0], [91155.0, 2000.0], [91160.0, 4850.0], [91182.5, 20000.0], [91185.0, 4850.0], [91190.0, 50000.0], [91192.5, 24460.0], [91207.5, 4850.0], [91215.0, 20.0], [91277.5, 4850.0], [91287.5, 4870.0], [91297.5, 4850.0], [91302.5, 105000.0], [91307.5, 4850.0], [91325.0, 380.0], [91340.0, 14710.0], [91342.5, 3460.0]]}}}
{"jsonrpc": "2.0", "method": "subscription", "params": {"channel": "book.BTC-7MAR25.none.20.100ms", "data": {"timestamp": 1741015662989, "change_id": 90639766542, "instrument_name": "BTC-7MAR25", "bids": [[90985.0, 5000.0], [90982.5, 5000.0], [90980.0, 5000.0], [90967.5, 8890.0], [90960.0, 7120.0], [90925.0, 7000.0], [90922.5, 40.0], [90920.0, 16280.0], [90880.0, 7000.0], [90870.0, 7000.0], [90860.0, 7000.0], [90850.0, 7040.0], [90840.0, 7000.0], [90830.0, 7000.0], [90805.0, 7000.0], [90800.0, 60130.0], [90785.0, 7000.0], [90782.5, 26230.0], [90777.5, 40.0], [90775.0, 7000.0]], "asks": [[91002.5, 14000.0], [91005.0, 7120.0], [91015.0, 20000.0], [91017.5, 8890.0], [91025.0, 7000.0], [91032.5, 2000.0], [91035.0, 7000.0], [91037.5, 50000.0], [91060.0, 7000.0], [91070.0, 23720.0], [91090.0, 7000.0], [91100.0, 7000.0], [91110.0, 7000.0], [91132.5, 7000.0], [91142.5, 7040.0], [91160.0, 7000.0], [91175.0, 7000.0], [91185.0, 7000.0], [91210.0, 22570.0], [91215.0, 105040.0]]}}}
{"jsonrpc": "2.0", "method": "subscription", "params": {"channel": "book.BTC-7MAR25.none.20.100ms", "data": {"timestamp": 1741015663293, "change_id": 90639767895, "instrument_name": "BTC-7MAR25", "bids": [[90995.0, 12000.0], [90990.0, 20000.0], [90987.5, 21910.0], [90985.0, 12000.0], [90982.5, 5000.0], [90980.0, 5000.0], [90977.5, 8890.0], [90975.0, 7000.0], [90970.0, 120.0], [90960.0, 7000.0], [90925.0, 7000.0], [90922.5, 40.0], [90920.0, 16280.0], [90880.0, 7000.0], [90870.0, 7000.0], [90860.0, 7000.0], [90850.0, 7040.0], [90840.0, 7000.0], [90830.0, 7000.0], [90805.0, 7000.0]], "asks": [[91005.0, 7000.0], [91017.5, 120.0], [91032.5, 22000.0], [91035.0, 7000.0], [91060.0, 7000.0], [91067.5, 50000.0], [91070.0, 23720.0], [91090.0, 7000.0], [91100.0, 7000.0], [91110.0, 7000.0], [91132.5, 7000.0], [91142.5, 7040.0], [91160.0, 7000.0], [91175.0, 7000.0], [91185.0, 7000.0], [91210.0, 22570.0], [91215.0, 105040.0], [91225.0, 7000.0], [91227.5, 500.0], [91265.0, 113170.0]]}}}
{"jsonrpc": "2.0", "method": "subscription", "params": {"channel": "book.BTC-14MAR25.none.20.100ms", "data": {"timestamp": 1741015663284, "change_id": 90639767858, "instrument_name": "BTC-14MAR25", "bids": [[91082.5, 4850.0], [91080.0, 33730.0], [91075.0, 120.0], [91052.5, 39000.0], [91030.0, 4850.0], [91025.0, 24900.0], [91017.5, 4850.0], [90995.0, 20.0], [90970.0, 4850.0], [90922.5, 4870.0], [90867.5, 410.0], [90860.0, 26820.0], [90857.5, 105000.0], [90850.0, 4870.0], [90825.0, 22210.0], [90820.0, 4850.0], [90802.5, 45970.0], [90800.0, 4850.0], [90787.5, 45730.0], [90780.0, 4850.0]], "asks": [[91110.0, 10.0], [91122.5, 120.0], [91142.5, 20.0], [91160.0, 4850.0], [91185.0, 4850.0], [91187.5, 20000.0], [91190.0, 50000.0], [91192.5, 24460.0], [91207.5, 4850.0], [91215.0, 20.0], [91277.5, 4850.0], [91287.5, 4870.0], [91297.5, 4850.0], [91302.5, 105000.0], [91307.5, 4850.0], [91325.0, 380.0], [91340.0, 14710.0], [91342.5, 3460.0], [91355.0, 27070.0], [91360.0, 13880.0]]}}}
{"jsonrpc": "2.0", "method": "subscription", "params": {"channel": "book.BTC-7MAR25.none.20.100ms", "data": {"timestamp": 1741015663649, "change_id": 90639769287, "instrument_name": "BTC-7MAR25", "bids": [[91010.0, 7000.0], [91007.5, 12000.0], [91000.0, 20000.0], [90997.5, 5000.0], [90995.0, 7000.0], [90990.0, 8890.0], [90987.5, 5000.0], [90985.0, 7000.0], [90980.0, 120.0], [90975.0, 7000.0], [90972.5, 16160.0], [90960.0, 7000.0], [90925.0, 7000.0], [90922.5, 40.0], [90880.0, 7000.0], [90870.0, 7000.0], [90860.0, 7000.0], [90850.0, 7040.0], [90840.0, 7000.0], [90830.0, 7000.0]], "asks": [[91017.5, 120.0], [91032.5, 2000.0], [91037.5, 8890.0], [91045.0, 7000.0], [91057.5, 20000.0], [91060.0, 7000.0], [91067.5, 50000.0], [91070.0, 23720.0], [91090.0, 7000.0], [91100.0, 7000.0], [91110.0, 7000.0], [91132.5, 7000.0], [91142.5, 7040.0], [91160.0, 7000.0], [91175.0, 7000.0], [91185.0, 7000.0], [91210.0, 22570.0], [91215.0, 105040.0], [91225.0, 7000.0], [91227.5, 500.0]]}}}
{"jsonrpc": "2.0", "method": "subscription", "params": {"channel": "book.BTC-14MAR25.none.20.100ms", "data": {"timestamp": 1741015663649, "change_id": 90639769288, "instrument_name": "BTC-14MAR25", "bids": [[91092.5, 4850.0], [91090.0, 33730.0], [91075.0, 120.0], [91070.0, 24930.0], [91052.5, 39000.0], [91030.0, 4850.0], [91017.5, 4850.0], [90995.0, 20.0], [90970.0, 4850.0], [90922.5, 4870.0], [90867.5, 410.0], [90860.0, 4850.0], [90857.5, 105000.0], [90850.0, 4870.0], [90820.0, 4850.0], [90800.0, 4850.0], [90780.0, 4850.0], [90777.5, 20.0], [90707.5, 4850.0], [90705.0, 20.0]], "asks": [[91110.0, 10.0], [91135.0, 120.0], [91142.5, 8900.0], [91185.0, 4850.0], [91187.5, 20000.0], [91190.0, 50000.0], [91192.5, 24460.0], [91207.5, 4850.0], [91215.0, 20.0], [91277.5, 4850.0], [91287.5, 4870.0], [91297.5, 4850.0], [91302.5, 105000.0], [91307.5, 4850.0], [91325.0, 380.0], [91342.5, 3460.0], [91355.0, 4850.0], [91360.0, 13880.0], [91362.5, 210000.0], [91375.0, 4850.0]]}}}
{"jsonrpc": "2.0", "method": "subscription", "params": {"channel": "book.BTC-7MAR25.none.20.100ms", "data": {"timestamp": 1741015663979, "change_id": 90639771364, "instrument_name": "BTC-7MAR25", "bids": [[91020.0, 7000.0], [91015.0, 7000.0], [91012.5, 16170.0], [91010.0, 53910.0], [91007.5, 7000.0], [90997.5, 5000.0], [90995.0, 7000.0], [90990.0, 9010.0], [90987.5, 5000.0], [90985.0, 7000.0], [90975.0, 7000.0], [90972.5, 16160.0], [90960.0, 7000.0], [90925.0, 7000.0], [90922.5, 40.0], [90880.0, 7000.0], [90870.0, 7000.0], [90860.0, 7000.0], [90850.0, 7040.0], [90840.0, 7000.0]], "asks": [[91052.5, 120.0], [91070.0, 7040.0], [91087.5, 20000.0], [91090.0, 7000.0], [91100.0, 7000.0], [91107.5, 50000.0], [91110.0, 7000.0], [91132.5, 7000.0], [91142.5, 7040.0], [91160.0, 7000.0], [91175.0, 7000.0], [91185.0, 7000.0], [91210.0, 22570.0], [91215.0, 105040.0], [91225.0, 7000.0], [91227.5, 500.0], [91265.0, 113170.0], [91272.5, 210000.0], [91275.0, 7000.0], [91285.0, 7000.0]]}}}
{"jsonrpc": "2.0", "method": "subscription", "params": {"channel": "book.BTC-14MAR25.none.20.100ms", "data": {"timestamp": 1741015663952, "change_id": 90639771166, "instrument_name": "BTC-14MAR25", "bids": [[91095.0, 120.0], [91092.5, 14970.0], [91090.0, 33730.0], [91072.5, 4850.0], [91070.0, 24930.0], [91062.5, 4850.0], [91052.5, 39000.0], [91030.0, 4850.0], [91017.5, 4850.0], [90995.0, 20.0], [90970.0, 4850.0], [90922.5, 4870.0], [90867.5, 410.0], [90860.0, 26820.0], [90850.0, 4870.0], [90825.0, 22210.0], [90820.0, 4850.0], [90802.5, 45970.0], [90800.0, 4850.0], [90787.5, 45730.0]], "asks": [[91142.5, 20.0], [91165.0, 120.0], [91207.5, 4850.0], [91212.5, 20000.0], [91215.0, 20.0], [91217.5, 4850.0], [91220.0, 50000.0], [91277.5, 4850.0], [91287.5, 4870.0], [91297.5, 4850.0], [91302.5, 105000.0], [91307.5, 4850.0], [91325.0, 380.0], [91340.0, 14710.0], [91342.5, 3460.0], [91355.0, 4850.0], [91360.0, 13880.0], [91375.0, 4850.0], [91385.0, 4850.0], [91392.5, 45040.0]]}}}
{"jsonrpc": "2.0", "method": "subscription", "params": {"channel": "book.BTC-7MAR25.none.20.100ms", "data": {"timestamp": 1741015664307, "change_id": 90639773172, "instrument_name": "BTC-7MAR25", "bids": [[91022.5, 23910.0], [91020.0, 20000.0], [91017.5, 8890.0], [91015.0, 7000.0], [91010.0, 88900.0], [91000.0, 120.0], [90997.5, 5000.0], [90995.0, 7000.0], [90987.5, 5000.0], [90985.0, 7000.0], [90975.0, 7000.0], [90972.5, 16160.0], [90960.0, 7000.0], [90925.0, 7000.0], [90922.5, 40.0], [90880.0, 7000.0], [90870.0, 7000.0], [90860.0, 7000.0], [90850.0, 7040.0], [90840.0, 7000.0]], "asks": [[91052.5, 120.0], [91065.0, 8890.0], [91070.0, 7040.0], [91087.5, 20000.0], [91090.0, 7000.0], [91100.0, 7000.0], [91110.0, 7000.0], [91130.0, 50000.0], [91132.5, 7000.0], [91142.5, 7040.0], [91160.0, 7000.0], [91175.0, 7000.0], [91185.0, 7000.0], [91210.0, 22570.0], [91215.0, 105040.0], [91225.0, 7000.0], [91227.5, 500.0], [91265.0, 113170.0], [91272.5, 210000.0], [91275.0, 7000.0]]}}}
{"jsonrpc": "2.0", "method": "subscription", "params": {"channel": "book.BTC-14MAR25.none.20.100ms", "data": {"timestamp": 1741015664309, "change_id": 90639773195, "instrument_name": "BTC-14MAR25", "bids": [[91120.0, 8880.0], [91117.5, 20000.0], [91107.5, 4850.0], [91105.0, 120.0], [91092.5, 4850.0], [91072.5, 4850.0], [91070.0, 24930.0], [91062.5, 4850.0], [91030.0, 4850.0], [91017.5, 4850.0], [90995.0, 20.0], [90970.0, 4850.0], [90922.5, 4870.0], [90867.5, 410.0], [90860.0, 4850.0], [90850.0, 4870.0], [90825.0, 22210.0], [90820.0, 4850.0], [90802.5, 45970.0], [90800.0, 4850.0]], "asks": [[91142.5, 20.0], [91165.0, 120.0], [91167.5, 8880.0], [91207.5, 4850.0], [91215.0, 20020.0], [91217.5, 4850.0], [91277.5, 4850.0], [91287.5, 4870.0], [91297.5, 54850.0], [91302.5, 105000.0], [91307.5, 4850.0], [91340.0, 14710.0], [91342.5, 3460.0], [91355.0, 4850.0], [91357.5, 410.0], [91360.0, 13880.0], [91375.0, 4850.0], [91385.0, 4850.0], [91392.5, 45040.0], [91395.0, 4850.0]]}}}
{"jsonrpc": "2.0", "method": "subscription", "params": {"channel": "book.BTC-7MAR25.none.20.100ms", "data": {"timestamp": 1741015664625, "change_id": 90639774637, "instrument_name": "BTC-7MAR25", "bids": [[91032.5, 19000.0], [91030.0, 33890.0], [91022.5, 23910.0], [91015.0, 7000.0], [91010.0, 89020.0], [90997.5, 5000.0], [90995.0, 7000.0], [90987.5, 5000.0], [90975.0, 7000.0], [90972.5, 16160.0], [90960.0, 7000.0], [90925.0, 7000.0], [90922.5, 40.0], [90880.0, 7000.0], [90870.0, 7000.0], [90860.0, 7000.0], [90852.5, 118620.0], [90850.0, 7040.0], [90840.0, 7000.0], [90830.0, 7000.0]], "asks": [[91052.5, 120.0], [91070.0, 40.0], [91072.5, 7000.0], [91077.5, 8890.0], [91082.5, 7000.0], [91087.5, 20000.0], [91097.5, 50000.0], [91100.0, 7000.0], [91110.0, 7000.0], [91112.5, 16220.0], [91120.0, 7000.0], [91132.5, 7000.0], [91142.5, 7040.0], [91160.0, 7000.0], [91175.0, 7000.0], [91185.0, 7000.0], [91210.0, 22570.0], [91215.0, 105040.0], [91225.0, 7000.0], [91227.5, 500.0]]}}}
{"jsonrpc": "2.0", "method": "subscription", "params": {"channel": "book.BTC-14MAR25.none.20.100ms", "data": {"timestamp": 1741015664635, "change_id": 90639774729, "instrument_name": "BTC-14MAR25", "bids": [[91132.5, 2660.0], [91130.0, 8880.0], [91125.0, 1460.0], [91122.5, 4850.0], [91120.0, 6040.0], [91117.5, 20000.0], [91115.0, 120.0], [91105.0, 81990.0], [91072.5, 4850.0], [91070.0, 24930.0], [91062.5, 4850.0], [91030.0, 4850.0], [91017.5, 4850.0], [90995.0, 20.0], [90970.0, 4850.0], [90922.5, 4870.0], [90917.5, 105000.0], [90912.5, 4850.0], [90870.0, 21970.0], [90867.5, 410.0]], "asks": [[91142.5, 20.0], [91165.0, 120.0], [91180.0, 8880.0], [91207.5, 4850.0], [91215.0, 20.0], [91217.5, 74850.0], [91220.0, 24740.0], [91257.5, 4850.0], [91277.5, 4850.0], [91287.5, 4870.0], [91297.5, 4850.0], [91302.5, 105000.0], [91307.5, 4850.0], [91340.0, 14710.0], [91342.5, 3460.0], [91355.0, 4850.0], [91357.5, 410.0], [91360.0, 13880.0], [91375.0, 4850.0], [91385.0, 4850.0]]}}}
{"jsonrpc": "2.0", "method": "subscription", "params": {"channel": "book.BTC-7MAR25.none.20.100ms", "data": {"timestamp": 1741015664969, "change_id": 90639776182, "instrument_name": "BTC-7MAR25", "bids": [[91037.5, 5000.0], [91035.0, 5000.0], [91025.0, 2100.0], [91022.5, 7000.0], [91012.5, 26710.0], [91010.0, 89020.0], [90997.5, 2100.0], [90995.0, 7000.0], [90977.5, 2100.0], [90975.0, 11850.0], [90972.5, 16160.0], [90962.5, 2100.0], [90960.0, 7000.0], [90927.5, 2100.0], [90925.0, 7000.0], [90922.5, 40.0], [90882.5, 2100.0], [90880.0, 7000.0], [90872.5, 2100.0], [90870.0, 7000.0]], "asks": [[91065.0, 120.0], [91067.5, 7000.0], [91070.0, 7040.0], [91077.5, 8890.0], [91080.0, 20000.0], [91082.5, 7000.0], [91100.0, 7000.0], [91110.0, 7000.0], [91112.5, 16220.0], [91117.5, 50000.0], [91120.0, 7000.0], [91132.5, 7000.0], [91142.5, 7040.0], [91160.0, 7000.0], [91175.0, 7000.0], [91185.0, 7000.0], [91210.0, 22570.0], [91215.0, 105040.0], [91225.0, 7000.0], [91227.5, 500.0]]}}}
{"jsonrpc": "2.0", "method": "subscription", "params": {"channel": "book.BTC-14MAR25.none.20.100ms", "data": {"timestamp": 1741015664956, "change_id": 90639776152, "instrument_name": "BTC-14MAR25", "bids": [[91130.0, 8880.0], [91115.0, 120.0], [91105.0, 81990.0], [91072.5, 4850.0], [91070.0, 24930.0], [91030.0, 4850.0], [91017.5, 4850.0], [90995.0, 20.0], [90970.0, 4850.0], [90922.5, 4870.0], [90917.5, 105000.0], [90912.5, 4850.0], [90870.0, 21970.0], [90867.5, 410.0], [90860.0, 4850.0], [90850.0, 4870.0], [90825.0, 22210.0], [90820.0, 4850.0], [90802.5, 45970.0], [90800.0, 4850.0]], "asks": [[91142.5, 20.0], [91165.0, 120.0], [91180.0, 8880.0], [91207.5, 4850.0], [91215.0, 20.0], [91217.5, 74850.0], [91220.0, 24740.0], [91277.5, 4850.0], [91287.5, 4870.0], [91297.5, 4850.0], [91302.5, 105000.0], [91307.5, 4850.0], [91340.0, 14710.0], [91342.5, 3460.0], [91355.0, 4850.0], [91357.5, 410.0], [91360.0, 13880.0], [91375.0, 4850.0], [91385.0, 4850.0], [91392.5, 45040.0]]}}}
{"jsonrpc": "2.0", "method": "subscription", "params": {"channel": "book.BTC-7MAR25.none.20.100ms", "data": {"timestamp": 1741015665273, "change_id": 90639777211, "instrument_name": "BTC-7MAR25", "bids": [[91040.0, 7000.0], [91037.5, 5000.0], [91035.0, 5000.0], [91027.5, 8890.0], [91022.5, 7000.0], [91010.0, 7120.0], [90995.0, 7000.0], [90975.0, 7000.0], [90972.5, 16160.0], [90960.0, 7000.0], [90925.0, 7000.0], [90922.5, 40.0], [90880.0, 7000.0], [90870.0, 7000.0], [90860.0, 7000.0], [90850.0, 125660.0], [90840.0, 7000.0], [90830.0, 7000.0], [90805.0, 7000.0], [90785.0, 7000.0]], "asks": [[91065.0, 14000.0], [91070.0, 40.0], [91077.5, 9010.0], [91080.0, 70000.0], [91082.5, 7000.0], [91092.5, 2000.0], [91100.0, 7000.0], [91107.5, 16820.0], [91110.0, 7000.0], [91120.0, 7000.0], [91132.5, 7000.0], [91142.5, 7040.0], [91160.0, 7000.0], [91175.0, 7000.0], [91185.0, 7000.0], [91210.0, 22570.0], [91215.0, 105040.0], [91225.0, 7000.0], [91265.0, 113170.0], [91272.5, 210000.0]]}}}
{"jsonrpc": "2.0", "method": "subscription", "params": {"channel": "book.BTC-14MAR25.none.20.100ms", "data": {"timestamp": 1741015665278, "change_id": 90639777220, "instrument_name": "BTC-14MAR25", "bids": [[91132.5, 2660.0], [91130.0, 8880.0], [91125.0, 6000.0], [91122.5, 20000.0], [91115.0, 120.0], [91107.5, 24600.0], [91105.0, 81990.0], [91085.0, 1460.0], [91082.5, 4850.0], [91072.5, 12330.0], [91070.0, 24930.0], [91030.0, 4850.0], [91017.5, 4850.0], [90995.0, 20.0], [90970.0, 4850.0], [90922.5, 4870.0], [90917.5, 105000.0], [90912.5, 4850.0], [90870.0, 21970.0], [90867.5, 410.0]], "asks": [[91142.5, 20.0], [91180.0, 8880.0], [91187.5, 120.0], [91207.5, 4850.0], [91210.0, 20000.0], [91212.5, 25190.0], [91215.0, 2020.0], [91217.5, 4850.0], [91277.5, 4850.0], [91285.0, 50000.0], [91287.5, 4870.0], [91297.5, 4850.0], [91302.5, 105000.0], [91307.5, 4850.0], [91340.0, 14710.0], [91342.5, 3460.0], [91355.0, 4850.0], [91357.5, 410.0], [91360.0, 13880.0], [91375.0, 4850.0]]}}}
{"jsonrpc": "2.0", "method": "subscription", "params": {"channel": "book.BTC-7MAR25.none.20.100ms", "data": {"timestamp": 1741015665569, "change_id": 90639778095, "instrument_name": "BTC-7MAR25", "bids": [[91010.0, 27000.0], [90997.5, 120.0], [90975.0, 7000.0], [90972.5, 16160.0], [90960.0, 7000.0], [90925.0, 7000.0], [90922.5, 40.0], [90880.0, 7000.0], [90870.0, 7000.0], [90860.0, 7000.0], [90850.0, 7040.0], [90842.5, 118620.0], [90840.0, 7000.0], [90830.0, 7000.0], [90805.0, 7000.0], [90785.0, 7000.0], [90782.5, 26230.0], [90777.5, 40.0], [90775.0, 7000.0], [90770.0, 105000.0]], "asks": [[91050.0, 14000.0], [91052.5, 120.0], [91065.0, 14000.0], [91070.0, 40.0], [91075.0, 70000.0], [91077.5, 8890.0], [91082.5, 7000.0], [91100.0, 7000.0], [91107.5, 16820.0], [91110.0, 7000.0], [91120.0, 7000.0], [91132.5, 7000.0], [91142.5, 7040.0], [91160.0, 7000.0], [91175.0, 7000.0], [91185.0, 7000.0], [91210.0, 22570.0], [91215.0, 105040.0], [91225.0, 7000.0], [91235.0, 500.0]]}}}
{"jsonrpc": "2.0", "method": "subscription", "params": {"channel": "book.BTC-14MAR25.none.20.100ms", "data": {"timestamp": 1741015665579, "change_id": 90639778167, "instrument_name": "BTC-14MAR25", "bids": [[91105.0, 101990.0], [91102.5, 120.0], [91072.5, 4850.0], [91070.0, 24930.0], [91030.0, 4850.0], [91017.5, 4850.0], [90995.0, 20.0], [90970.0, 4850.0], [90922.5, 4870.0], [90917.5, 105000.0], [90912.5, 4850.0], [90870.0, 21970.0], [90867.5, 410.0], [90860.0, 4850.0], [90850.0, 4870.0], [90825.0, 22210.0], [90820.0, 4850.0], [90802.5, 45970.0], [90800.0, 4850.0], [90787.5, 45730.0]], "asks": [[91142.5, 20.0], [91160.0, 120.0], [91180.0, 8880.0], [91207.5, 4850.0], [91210.0, 70000.0], [91212.5, 25190.0], [91215.0, 2020.0], [91217.5, 4850.0], [91277.5, 4850.0], [91287.5, 4870.0], [91297.5, 4850.0], [91302.5, 105000.0], [91307.5, 4850.0], [91340.0, 14710.0], [91342.5, 3460.0], [91355.0, 4850.0], [91357.5, 410.0], [91360.0, 13880.0], [91375.0, 4850.0], [91385.0, 4850.0]]}}}
{"jsonrpc": "2.0", "method": "subscription", "params": {"channel": "book.BTC-7MAR25.none.20.100ms", "data": {"timestamp": 1741015665952, "change_id": 90639779799, "instrument_name": "BTC-7MAR25", "bids": [[91020.0, 27000.0], [91015.0, 7000.0], [91010.0, 8890.0], [90997.5, 120.0], [90975.0, 7000.0], [90972.5, 16160.0], [90960.0, 7000.0], [90925.0, 7000.0], [90922.5, 40.0], [90880.0, 7000.0], [90870.0, 7000.0], [90860.0, 7000.0], [90850.0, 7040.0], [90842.5, 118620.0], [90840.0, 7000.0], [90830.0, 7000.0], [90805.0, 7000.0], [90785.0, 7000.0], [90782.5, 26230.0], [90777.5, 40.0]], "asks": [[91042.5, 7120.0], [91050.0, 7000.0], [91060.0, 8890.0], [91062.5, 20000.0], [91065.0, 14000.0], [91070.0, 40.0], [91080.0, 50000.0], [91082.5, 7000.0], [91100.0, 7000.0], [91107.5, 16820.0], [91110.0, 7000.0], [91120.0, 7000.0], [91132.5, 7000.0], [91142.5, 7040.0], [91160.0, 7000.0], [91175.0, 7000.0], [91185.0, 7000.0], [91210.0, 22570.0], [91215.0, 105040.0], [91225.0, 7000.0]]}}}
{"jsonrpc": "2.0", "method": "subscription", "params": {"channel": "book.BTC-14MAR25.none.20.100ms", "data": {"timestamp": 1741015665946, "change_id": 90639779783, "instrument_name": "BTC-14MAR25", "bids": [[91115.0, 28880.0], [91105.0, 4850.0], [91102.5, 120.0], [91072.5, 4850.0], [91070.0, 24930.0], [91030.0, 4850.0], [91017.5, 4850.0], [90995.0, 20.0], [90970.0, 4850.0], [90922.5, 4870.0], [90917.5, 105000.0], [90912.5, 4850.0], [90870.0, 21970.0], [90867.5, 410.0], [90860.0, 4850.0], [90850.0, 4870.0], [90825.0, 22210.0], [90820.0, 4850.0], [90802.5, 45970.0], [90800.0, 4850.0]], "asks": [[91142.5, 20.0], [91160.0, 120.0], [91162.5, 8880.0], [91207.5, 4850.0], [91210.0, 70000.0], [91212.5, 25190.0], [91215.0, 2020.0], [91217.5, 4850.0], [91277.5, 4850.0], [91287.5, 4870.0], [91297.5, 4850.0], [91302.5, 105000.0], [91307.5, 4850.0], [91340.0, 14710.0], [91342.5, 3460.0], [91355.0, 4850.0], [91357.5, 410.0], [91360.0, 20.0], [91375.0, 4850.0], [91385.0, 4850.0]]}}}
{"jsonrpc": "2.0", "method": "subscription", "params": {"channel": "book.BTC-7MAR25.none.20.100ms", "data": {"timestamp": 1741015666295, "change_id": 90639780419, "instrument_name": "BTC-7MAR25", "bids": [[91025.0, 7000.0], [91022.5, 23910.0], [91020.0, 20000.0], [91012.5, 7000.0], [91010.0, 8890.0], [91005.0, 2100.0], [91002.5, 7000.0], [91000.0, 14450.0], [90997.5, 48180.0], [90975.0, 7000.0], [90972.5, 16160.0], [90960.0, 7000.0], [90925.0, 7000.0], [90922.5, 40.0], [90880.0, 7000.0], [90870.0, 7000.0], [90860.0, 7000.0], [90850.0, 7040.0], [90842.5, 118620.0], [90840.0, 7000.0]], "asks": [[91042.5, 120.0], [91050.0, 7000.0], [91057.5, 20000.0], [91060.0, 8890.0], [91065.0, 7000.0], [91070.0, 40.0], [91080.0, 50000.0], [91082.5, 7000.0], [91100.0, 7000.0], [91107.5, 16820.0], [91110.0, 7000.0], [91120.0, 7000.0], [91132.5, 7000.0], [91142.5, 7040.0], [91160.0, 7000.0], [91175.0, 7000.0], [91185.0, 7000.0], [91210.0, 22570.0], [91215.0, 105040.0], [91225.0, 7000.0]]}}}
{"jsonrpc": "2.0", "method": "subscription", "params": {"channel": "book.BTC-14MAR25.none.20.100ms", "data": {"timestamp": 1741015666265, "change_id": 90639780391, "instrument_name": "BTC-14MAR25", "bids": [[91115.0, 28880.0], [91105.0, 4850.0], [91102.5, 120.0], [91095.0, 48120.0], [91072.5, 4850.0], [91070.0, 24930.0], [91030.0, 4850.0], [91017.5, 4850.0], [90995.0, 20.0], [90970.0, 4850.0], [90922.5, 4870.0], [90917.5, 105000.0], [90912.5, 4850.0], [90870.0, 21970.0], [90867.5, 410.0], [90860.0, 4850.0], [90850.0, 4870.0], [90825.0, 22210.0], [90820.0, 4850.0], [90802.5, 45970.0]], "asks": [[91142.5, 20.0], [91160.0, 120.0], [91162.5, 8880.0], [91207.5, 4850.0], [91210.0, 70000.0], [91212.5, 25190.0], [91215.0, 2020.0], [91217.5, 4850.0], [91277.5, 4850.0], [91287.5, 4870.0], [91297.5, 4850.0], [91302.5, 105000.0], [91307.5, 4850.0], [91340.0, 14710.0], [91342.5, 3460.0], [91355.0, 4850.0], [91357.5, 410.0], [91360.0, 20.0], [91375.0, 4850.0], [91385.0, 4850.0]]}}}
{"jsonrpc": "2.0", "method": "subscription", "params": {"channel": "book.BTC-7MAR25.none.20.100ms", "data": {"timestamp": 1741015666626, "change_id": 90639781654, "instrument_name": "BTC-7MAR25", "bids": [[91030.0, 7180.0], [91027.5, 9910.0], [91025.0, 14000.0], [91022.5, 15670.0], [91020.0, 28890.0], [91015.0, 2140.0], [91012.5, 7000.0], [91010.0, 120.0], [91005.0, 2100.0], [91002.5, 7000.0], [91000.0, 14450.0], [90997.5, 48060.0], [90992.5, 7000.0], [90977.5, 2100.0], [90975.0, 11850.0], [90972.5, 16160.0], [90960.0, 7000.0], [90925.0, 7000.0], [90922.5, 40.0], [90880.0, 7000.0]], "asks": [[91052.5, 7000.0], [91060.0, 7000.0], [91062.5, 20000.0], [91065.0, 7000.0], [91070.0, 40.0], [91080.0, 50000.0], [91082.5, 7120.0], [91100.0, 7000.0], [91110.0, 7000.0], [91120.0, 7000.0], [91132.5, 23390.0], [91142.5, 7040.0], [91160.0, 7000.0], [91175.0, 7000.0], [91185.0, 7000.0], [91210.0, 22570.0], [91215.0, 105040.0], [91225.0, 7000.0], [91265.0, 113170.0], [91272.5, 210000.0]]}}}
{"jsonrpc": "2.0", "method": "subscription", "params": {"channel": "book.BTC-14MAR25.none.20.100ms", "data": {"timestamp": 1741015666625, "change_id": 90639781648, "instrument_name": "BTC-14MAR25", "bids": [[91117.5, 14970.0], [91115.0, 24850.0], [91112.5, 120.0], [91097.5, 14440.0], [91095.0, 48120.0], [91087.5, 4850.0], [91072.5, 12330.0], [91070.0, 24930.0], [91032.5, 1460.0], [91030.0, 4850.0], [91017.5, 4850.0], [90995.0, 20.0], [90970.0, 4850.0], [90922.5, 4870.0], [90917.5, 105000.0], [90912.5, 4850.0], [90870.0, 21970.0], [90867.5, 410.0], [90860.0, 4850.0], [90850.0, 4870.0]], "asks": [[91142.5, 20.0], [91192.5, 120.0], [91207.5, 4850.0], [91210.0, 20000.0], [91215.0, 2020.0], [91217.5, 4850.0], [91237.5, 25090.0], [91277.5, 4850.0], [91285.0, 50000.0], [91287.5, 4870.0], [91297.5, 4850.0], [91302.5, 105000.0], [91307.5, 4850.0], [91340.0, 14710.0], [91342.5, 3460.0], [91355.0, 4850.0], [91357.5, 410.0], [91360.0, 20.0], [91375.0, 4850.0], [91385.0, 4850.0]]}}}
{"jsonrpc": "2.0", "method": "subscription", "params": {"channel": "book.BTC-7MAR25.none.20.100ms", "data": {"timestamp": 1741015666834, "change_id": 90639782335, "instrument_name": "BTC-7MAR25", "bids": [[91032.5, 7000.0], [91030.0, 15890.0], [91022.5, 7000.0], [91020.0, 20000.0], [91012.5, 7000.0], [91010.0, 120.0], [91002.5, 7000.0], [90997.5, 48060.0], [90975.0, 7000.0], [90972.5, 16160.0], [90960.0, 7000.0], [90925.0, 7000.0], [90922.5, 40.0], [90880.0, 7000.0], [90870.0, 7000.0], [90860.0, 7000.0], [90857.5, 118620.0], [90850.0, 7040.0], [90840.0, 7000.0], [90830.0, 7000.0]], "asks": [[91060.0, 7000.0], [91062.5, 20120.0], [91065.0, 7000.0], [91070.0, 40.0], [91077.5, 8890.0], [91082.5, 7000.0], [91110.0, 7000.0], [91112.5, 50000.0], [91120.0, 7000.0], [91132.5, 23390.0], [91142.5, 7040.0], [91160.0, 7000.0], [91175.0, 7000.0], [91185.0, 7000.0], [91210.0, 22570.0], [91215.0, 105040.0], [91225.0, 7000.0], [91265.0, 113170.0], [91272.5, 210000.0], [91275.0, 7000.0]]}}}
{"jsonrpc": "2.0", "method": "subscription", "params": {"channel": "book.BTC-14MAR25.none.20.100ms", "data": {"timestamp": 1741015666803, "change_id": 90639782263, "instrument_name": "BTC-14MAR25", "bids": [[91130.0, 8880.0], [91125.0, 20000.0], [91117.5, 4850.0], [91112.5, 120.0], [91095.0, 48120.0], [91072.5, 4850.0], [91070.0, 24930.0], [91030.0, 4850.0], [91017.5, 4850.0], [90995.0, 20.0], [90970.0, 4850.0], [90922.5, 4870.0], [90917.5, 105000.0], [90912.5, 4850.0], [90870.0, 21970.0], [90867.5, 410.0], [90860.0, 4850.0], [90850.0, 4870.0], [90825.0, 22210.0], [90820.0, 4850.0]], "asks": [[91142.5, 20.0], [91172.5, 120.0], [91180.0, 8880.0], [91207.5, 4850.0], [91210.0, 20000.0], [91215.0, 2020.0], [91217.5, 4850.0], [91235.0, 50000.0], [91237.5, 25090.0], [91277.5, 4850.0], [91287.5, 4870.0], [91297.5, 4850.0], [91302.5, 105000.0], [91307.5, 4850.0], [91340.0, 14710.0], [91342.5, 3460.0], [91355.0, 4850.0], [91357.5, 410.0], [91360.0, 20.0], [91375.0, 4850.0]]}}}
{"jsonrpc": "2.0", "method": "subscription", "params": {"channel": "book.BTC-7MAR25.none.20.100ms", "data": {"timestamp": 1741015667243, "change_id": 90639783169, "instrument_name": "BTC-7MAR25", "bids": [[91022.5, 7000.0], [91020.0, 28890.0], [91015.0, 2140.0], [91012.5, 7000.0], [91010.0, 120.0], [91005.0, 2100.0], [91002.5, 7000.0], [90977.5, 2100.0], [90975.0, 7000.0], [90972.5, 16160.0], [90960.0, 7000.0], [90925.0, 7000.0], [90922.5, 40.0], [90880.0, 7000.0], [90870.0, 7000.0], [90860.0, 7000.0], [90857.5, 118620.0], [90850.0, 7040.0], [90840.0, 7000.0], [90830.0, 7000.0]], "asks": [[91050.0, 4240.0], [91052.5, 14120.0], [91060.0, 7000.0], [91062.5, 20000.0], [91065.0, 9000.0], [91067.5, 8890.0], [91070.0, 40.0], [91082.5, 7000.0], [91110.0, 57000.0], [91120.0, 7000.0], [91132.5, 23390.0], [91142.5, 7040.0], [91160.0, 7000.0], [91175.0, 7000.0], [91185.0, 7000.0], [91210.0, 22570.0], [91215.0, 105040.0], [91225.0, 7000.0], [91265.0, 113170.0], [91272.5, 210000.0]]}}}
{"jsonrpc": "2.0", "method": "subscription", "params": {"channel": "book.BTC-14MAR25.none.20.100ms", "data": {"timestamp": 1741015667150, "change_id": 90639782978, "instrument_name": "BTC-14MAR25", "bids": [[91127.5, 6000.0], [91125.0, 20000.0], [91122.5, 2660.0], [91120.0, 8880.0], [91117.5, 4850.0], [91112.5, 120.0], [91072.5, 4850.0], [91070.0, 24930.0], [91017.5, 4850.0], [90995.0, 20.0], [90970.0, 4850.0], [90922.5, 4870.0], [90917.5, 105000.0], [90912.5, 4850.0], [90870.0, 21970.0], [90867.5, 410.0], [90860.0, 4850.0], [90850.0, 4870.0], [90825.0, 22210.0], [90820.0, 4850.0]], "asks": [[91142.5, 20.0], [91170.0, 8880.0], [91172.5, 120.0], [91207.5, 4850.0], [91210.0, 20000.0], [91215.0, 2020.0], [91217.5, 4850.0], [91235.0, 50000.0], [91237.5, 25090.0], [91277.5, 4850.0], [91287.5, 4870.0], [91297.5, 4850.0], [91302.5, 105000.0], [91307.5, 4850.0], [91340.0, 14710.0], [91342.5, 3460.0], [91355.0, 4850.0], [91357.5, 410.0], [91360.0, 20.0], [91385.0, 4850.0]]}}}
{"jsonrpc": "2.0", "method": "subscription", "params": {"channel": "book.BTC-7MAR25.none.20.100ms", "data": {"timestamp": 1741015667508, "change_id": 90639783465, "instrument_name": "BTC-7MAR25", "bids": [[91027.5, 7000.0], [91022.5, 14000.0], [91020.0, 28890.0], [91015.0, 2140.0], [91012.5, 7000.0], [91010.0, 120.0], [91007.5, 33280.0], [91005.0, 2100.0], [91002.5, 7000.0], [90977.5, 2100.0], [90975.0, 11850.0], [90972.5, 16160.0], [90960.0, 7000.0], [90925.0, 7000.0], [90922.5, 40.0], [90880.0, 7000.0], [90870.0, 7000.0], [90860.0, 7000.0], [90857.5, 118620.0], [90850.0, 7040.0]], "asks": [[91052.5, 7120.0], [91060.0, 7000.0], [91062.5, 20000.0], [91065.0, 9000.0], [91067.5, 8890.0], [91070.0, 40.0], [91082.5, 7000.0], [91110.0, 57000.0], [91120.0, 7000.0], [91132.5, 23390.0], [91142.5, 7040.0], [91160.0, 7000.0], [91175.0, 7000.0], [91185.0, 7000.0], [91210.0, 22570.0], [91215.0, 105040.0], [91225.0, 7000.0], [91237.5, 500.0], [91265.0, 113170.0], [91272.5, 210000.0]]}}}
{"jsonrpc": "2.0", "method": "subscription", "params": {"channel": "book.BTC-14MAR25.none.20.100ms", "data": {"timestamp": 1741015667557, "change_id": 90639783576, "instrument_name": "BTC-14MAR25", "bids": [[91127.5, 6000.0], [91125.0, 20000.0], [91122.5, 2660.0], [91120.0, 10340.0], [91117.5, 4850.0], [91112.5, 120.0], [91110.0, 10000.0], [91107.5, 33320.0], [91072.5, 4850.0], [91070.0, 24930.0], [91017.5, 4850.0], [90995.0, 20.0], [90970.0, 4850.0], [90922.5, 4870.0], [90917.5, 105000.0], [90912.5, 4850.0], [90870.0, 21970.0], [90867.5, 410.0], [90860.0, 4850.0], [90850.0, 4870.0]], "asks": [[91142.5, 20.0], [91157.5, 870.0], [91160.0, 2900.0], [91162.5, 120.0], [91167.5, 2660.0], [91170.0, 8880.0], [91207.5, 4850.0], [91210.0, 20000.0], [91215.0, 2020.0], [91217.5, 4850.0], [91235.0, 50000.0], [91237.5, 25090.0], [91277.5, 4850.0], [91287.5, 4870.0], [91297.5, 4850.0], [91302.5, 105000.0], [91307.5, 4850.0], [91340.0, 14710.0], [91342.5, 3460.0], [91355.0, 4850.0]]}}}
{"jsonrpc": "2.0", "method": "subscription", "params": {"channel": "book.BTC-14MAR25.none.20.100ms", "data": {"timestamp": 1741015667927, "change_id": 90639785266, "instrument_name": "BTC-14MAR25", "bids": [[91107.5, 8880.0], [91100.0, 20000.0], [91092.5, 4850.0], [91090.0, 120.0], [91082.5, 25430.0], [91072.5, 4850.0], [91017.5, 4850.0], [90995.0, 20.0], [90970.0, 4850.0], [90922.5, 4870.0], [90917.5, 105000.0], [90915.0, 21970.0], [90912.5, 4850.0], [90867.5, 410.0], [90860.0, 4850.0], [90850.0, 4870.0], [90825.0, 22210.0], [90820.0, 4850.0], [90802.5, 45970.0], [90800.0, 4850.0]], "asks": [[91142.5, 4870.0], [91152.5, 120.0], [91160.0, 11780.0], [91190.0, 2000.0], [91207.5, 4850.0], [91215.0, 20020.0], [91217.5, 4850.0], [91235.0, 50000.0], [91237.5, 25090.0], [91277.5, 4850.0], [91287.5, 4870.0], [91297.5, 4850.0], [91302.5, 105000.0], [91307.5, 4850.0], [91340.0, 14710.0], [91342.5, 3460.0], [91355.0, 4850.0], [91357.5, 410.0], [91360.0, 20.0], [91385.0, 4850.0]]}}}
{"jsonrpc": "2.0", "method": "subscription", "params": {"channel": "book.BTC-7MAR25.none.20.100ms", "data": {"timestamp": 1741015667932, "change_id": 90639785305, "instrument_name": "BTC-7MAR25", "bids": [[91005.0, 8890.0], [91002.5, 20000.0], [90992.5, 7000.0], [90985.0, 120.0], [90975.0, 7000.0], [90960.0, 7000.0], [90955.0, 16730.0], [90925.0, 7000.0], [90922.5, 40.0], [90880.0, 7000.0], [90870.0, 7000.0], [90860.0, 7000.0], [90850.0, 7040.0], [90842.5, 118620.0], [90840.0, 7000.0], [90830.0, 7000.0], [90805.0, 7000.0], [90785.0, 7000.0], [90782.5, 26230.0], [90777.5, 40.0]], "asks": [[91040.0, 14000.0], [91042.5, 120.0], [91050.0, 7000.0], [91052.5, 27000.0], [91055.0, 8890.0], [91062.5, 50000.0], [91065.0, 9000.0], [91070.0, 40.0], [91082.5, 7000.0], [91110.0, 7000.0], [91120.0, 7000.0], [91132.5, 23390.0], [91142.5, 7040.0], [91160.0, 7000.0], [91175.0, 7000.0], [91185.0, 7000.0], [91210.0, 22570.0], [91215.0, 105040.0], [91225.0, 7000.0], [91237.5, 500.0]]}}}
{"jsonrpc": "2.0", "method": "subscription", "params": {"channel": "book.BTC-14MAR25.none.20.100ms", "data": {"timestamp": 1741015668277, "change_id": 90639786429, "instrument_name": "BTC-14MAR25", "bids": [[91100.0, 2660.0], [91097.5, 8880.0], [91095.0, 7490.0], [91092.5, 24850.0], [91090.0, 120.0], [91085.0, 7630.0], [91082.5, 25430.0], [91075.0, 1460.0], [91072.5, 4850.0], [91020.0, 1460.0], [91017.5, 4850.0], [90995.0, 20.0], [90972.5, 1460.0], [90970.0, 4850.0], [90925.0, 1460.0], [90922.5, 4870.0], [90917.5, 105000.0], [90915.0, 21970.0], [90912.5, 4850.0], [90867.5, 410.0]], "asks": [[91137.5, 4850.0], [91142.5, 140.0], [91147.5, 20000.0], [91150.0, 8880.0], [91157.5, 870.0], [91160.0, 2900.0], [91180.0, 4850.0], [91187.5, 50000.0], [91190.0, 2000.0], [91207.5, 4850.0], [91215.0, 20.0], [91217.5, 4850.0], [91237.5, 25090.0], [91277.5, 4850.0], [91287.5, 4870.0], [91297.5, 4850.0], [91302.5, 105000.0], [91307.5, 4850.0], [91340.0, 14710.0], [91342.5, 3460.0]]}}}
{"jsonrpc": "2.0", "method": "subscription", "params": {"channel": "book.BTC-7MAR25.none.20.100ms", "data": {"timestamp": 1741015668214, "change_id": 90639786294, "instrument_name": "BTC-7MAR25", "bids": [[91002.5, 20000.0], [90997.5, 2670.0], [90995.0, 10990.0], [90992.5, 7000.0], [90985.0, 120.0], [90975.0, 7000.0], [90960.0, 7000.0], [90955.0, 16730.0], [90925.0, 7000.0], [90922.5, 40.0], [90880.0, 7000.0], [90870.0, 7000.0], [90860.0, 7000.0], [90850.0, 7040.0], [90840.0, 7000.0], [90835.0, 118620.0], [90830.0, 7000.0], [90805.0, 7000.0], [90785.0, 7000.0], [90782.5, 26230.0]], "asks": [[91032.5, 120.0], [91040.0, 14000.0], [91045.0, 8890.0], [91047.5, 20000.0], [91050.0, 7000.0], [91052.5, 7000.0], [91062.5, 50000.0], [91065.0, 9000.0], [91070.0, 40.0], [91082.5, 7000.0], [91110.0, 7000.0], [91120.0, 7000.0], [91132.5, 23390.0], [91142.5, 7040.0], [91160.0, 7000.0], [91175.0, 7000.0], [91185.0, 7000.0], [91210.0, 22570.0], [91215.0, 105040.0], [91225.0, 7000.0]]}}}
{"jsonrpc": "2.0", "method": "subscription", "params": {"channel": "book.BTC-7MAR25.none.20.100ms", "data": {"timestamp": 1741015668609, "change_id": 90639787070, "instrument_name": "BTC-7MAR25", "bids": [[91005.0, 9910.0], [91002.5, 20000.0], [90995.0, 10990.0], [90992.5, 7000.0], [90985.0, 120.0], [90977.5, 2100.0], [90975.0, 7000.0], [90960.0, 7000.0], [90925.0, 7000.0], [90922.5, 40.0], [90880.0, 7000.0], [90870.0, 7000.0], [90860.0, 7000.0], [90850.0, 7040.0], [90840.0, 7000.0], [90835.0, 118620.0], [90830.0, 7000.0], [90805.0, 7000.0], [90785.0, 7000.0], [90782.5, 26230.0]], "asks": [[91032.5, 120.0], [91040.0, 14000.0], [91045.0, 8890.0], [91047.5, 20000.0], [91050.0, 7000.0], [91052.5, 7000.0], [91062.5, 50000.0], [91065.0, 9000.0], [91070.0, 40.0], [91082.5, 7000.0], [91087.5, 16790.0], [91110.0, 7000.0], [91120.0, 7000.0], [91132.5, 7000.0], [91142.5, 7040.0], [91160.0, 7000.0], [91175.0, 7000.0], [91185.0, 7000.0], [91210.0, 22570.0], [91215.0, 105040.0]]}}}
{"jsonrpc": "2.0", "method": "subscription", "params": {"channel": "book.BTC-14MAR25.none.20.100ms", "data": {"timestamp": 1741015668608, "change_id": 90639787068, "instrument_name": "BTC-14MAR25", "bids": [[91097.5, 8880.0], [91092.5, 24850.0], [91090.0, 120.0], [91072.5, 4850.0], [91017.5, 4850.0], [90995.0, 20.0], [90970.0, 4850.0], [90922.5, 4870.0], [90917.5, 105000.0], [90915.0, 21970.0], [90912.5, 4850.0], [90867.5, 410.0], [90860.0, 4850.0], [90850.0, 4870.0], [90825.0, 22210.0], [90820.0, 4850.0], [90802.5, 45970.0], [90800.0, 4850.0], [90787.5, 45730.0], [90780.0, 4850.0]], "asks": [[91137.5, 4850.0], [91142.5, 140.0], [91147.5, 20000.0], [91150.0, 8880.0], [91180.0, 4850.0], [91190.0, 2000.0], [91192.5, 50000.0], [91195.0, 24300.0], [91207.5, 4850.0], [91215.0, 20.0], [91217.5, 4850.0], [91277.5, 4850.0], [91287.5, 4870.0], [91297.5, 4850.0], [91302.5, 105000.0], [91307.5, 4850.0], [91340.0, 14710.0], [91342.5, 3460.0], [91355.0, 4850.0], [91357.5, 410.0]]}}}
{"jsonrpc": "2.0", "method": "subscription", "params": {"channel": "book.BTC-7MAR25.none.20.100ms", "data": {"timestamp": 1741015668941, "change_id": 90639788277, "instrument_name": "BTC-7MAR25", "bids": [[90997.5, 16910.0], [90995.0, 28890.0], [90985.0, 120.0], [90975.0, 7000.0], [90962.5, 17060.0], [90960.0, 7000.0], [90925.0, 7000.0], [90922.5, 40.0], [90880.0, 7000.0], [90870.0, 7000.0], [90860.0, 7000.0], [90850.0, 7040.0], [90840.0, 7000.0], [90830.0, 7000.0], [90822.5, 58490.0], [90805.0, 7000.0], [90785.0, 7000.0], [90782.5, 26230.0], [90777.5, 40.0], [90775.0, 7000.0]], "asks": [[91020.0, 7000.0], [91022.5, 14120.0], [91037.5, 20000.0], [91040.0, 9000.0], [91045.0, 8890.0], [91052.5, 7000.0], [91062.5, 50000.0], [91065.0, 7000.0], [91070.0, 40.0], [91082.5, 7000.0], [91087.5, 16790.0], [91110.0, 7000.0], [91120.0, 7000.0], [91132.5, 7000.0], [91142.5, 7040.0], [91160.0, 7000.0], [91175.0, 7000.0], [91185.0, 7000.0], [91210.0, 22570.0], [91215.0, 105040.0]]}}}
{"jsonrpc": "2.0", "method": "subscription", "params": {"channel": "book.BTC-14MAR25.none.20.100ms", "data": {"timestamp": 1741015668934, "change_id": 90639788249, "instrument_name": "BTC-14MAR25", "bids": [[91097.5, 8880.0], [91077.5, 120.0], [91072.5, 4850.0], [91067.5, 25470.0], [91017.5, 4850.0], [90995.0, 20.0], [90970.0, 4850.0], [90922.5, 4870.0], [90917.5, 105000.0], [90912.5, 4850.0], [90872.5, 21970.0], [90867.5, 410.0], [90860.0, 4850.0], [90850.0, 4870.0], [90825.0, 22210.0], [90820.0, 4850.0], [90802.5, 45970.0], [90800.0, 4850.0], [90787.5, 45730.0], [90780.0, 4850.0]], "asks": [[91132.5, 4970.0], [91142.5, 20.0], [91147.5, 20000.0], [91150.0, 8880.0], [91180.0, 4850.0], [91190.0, 2000.0], [91192.5, 50000.0], [91195.0, 24300.0], [91207.5, 4850.0], [91215.0, 20.0], [91217.5, 4850.0], [91277.5, 4850.0], [91287.5, 4870.0], [91297.5, 4850.0], [91302.5, 105000.0], [91307.5, 4850.0], [91340.0, 14710.0], [91342.5, 3460.0], [91355.0, 4850.0], [91357.5, 410.0]]}}}
{"jsonrpc": "2.0", "method": "subscription", "params": {"channel": "book.BTC-7MAR25.none.20.100ms", "data": {"timestamp": 1741015669264, "change_id": 90639788834, "instrument_name": "BTC-7MAR25", "bids": [[90997.5, 16910.0], [90995.0, 28890.0], [90985.0, 120.0], [90975.0, 7000.0], [90925.0, 7000.0], [90922.5, 40.0], [90880.0, 7000.0], [90870.0, 7000.0], [90860.0, 7000.0], [90850.0, 7040.0], [90840.0, 7000.0], [90830.0, 7000.0], [90822.5, 118620.0], [90805.0, 7000.0], [90785.0, 7000.0], [90782.5, 26230.0], [90777.5, 40.0], [90775.0, 7000.0], [90770.0, 105000.0], [90765.0, 7000.0]], "asks": [[91022.5, 14120.0], [91040.0, 9000.0], [91042.5, 20000.0], [91045.0, 8890.0], [91052.5, 7000.0], [91062.5, 50000.0], [91065.0, 7000.0], [91070.0, 40.0], [91082.5, 7000.0], [91087.5, 16790.0], [91120.0, 7000.0], [91132.5, 7000.0], [91142.5, 7040.0], [91160.0, 7000.0], [91175.0, 7000.0], [91185.0, 7000.0], [91210.0, 22570.0], [91215.0, 105040.0], [91225.0, 7000.0], [91237.5, 500.0]]}}}
{"jsonrpc": "2.0", "method": "subscription", "params": {"channel": "book.BTC-14MAR25.none.20.100ms", "data": {"timestamp": 1741015669262, "change_id": 90639788829, "instrument_name": "BTC-14MAR25", "bids": [[91097.5, 8880.0], [91077.5, 120.0], [91072.5, 4850.0], [91017.5, 4850.0], [90995.0, 20.0], [90970.0, 4850.0], [90922.5, 4870.0], [90917.5, 105000.0], [90912.5, 4850.0], [90872.5, 21970.0], [90867.5, 410.0], [90860.0, 4850.0], [90850.0, 4870.0], [90825.0, 22210.0], [90820.0, 4850.0], [90802.5, 45970.0], [90800.0, 4850.0], [90787.5, 45730.0], [90780.0, 4850.0], [90777.5, 20.0]], "asks": [[91132.5, 4970.0], [91142.5, 20.0], [91147.5, 20000.0], [91150.0, 8880.0], [91180.0, 4850.0], [91190.0, 2000.0], [91192.5, 50000.0], [91195.0, 24300.0], [91207.5, 4850.0], [91215.0, 20.0], [91217.5, 4850.0], [91277.5, 4850.0], [91287.5, 4870.0], [91297.5, 4850.0], [91302.5, 105000.0], [91307.5, 4850.0], [91340.0, 14710.0], [91342.5, 3460.0], [91355.0, 4850.0], [91357.5, 410.0]]}}}
{"jsonrpc": "2.0", "method": "subscription", "params": {"channel": "book.BTC-7MAR25.none.20.100ms", "data": {"timestamp": 1741015669483, "change_id": 90639789316, "instrument_name": "BTC-7MAR25", "bids": [[90997.5, 16910.0], [90995.0, 20000.0], [90987.5, 7000.0], [90985.0, 9010.0], [90977.5, 2100.0], [90975.0, 7000.0], [90960.0, 4950.0], [90957.5, 16500.0], [90925.0, 7000.0], [90922.5, 40.0], [90880.0, 7000.0], [90870.0, 7000.0], [90860.0, 7000.0], [90850.0, 7040.0], [90840.0, 7000.0], [90830.0, 7000.0], [90822.5, 118620.0], [90805.0, 7000.0], [90785.0, 7000.0], [90782.5, 26230.0]], "asks": [[91022.5, 7120.0], [91035.0, 8890.0], [91037.5, 20000.0], [91040.0, 9000.0], [91052.5, 7000.0], [91062.5, 50000.0], [91065.0, 7000.0], [91070.0, 40.0], [91082.5, 7000.0], [91087.5, 16790.0], [91120.0, 7000.0], [91132.5, 7000.0], [91142.5, 7040.0], [91160.0, 7000.0], [91175.0, 7000.0], [91185.0, 7000.0], [91210.0, 22570.0], [91215.0, 105040.0], [91225.0, 7000.0], [91237.5, 500.0]]}}}
{"jsonrpc": "2.0", "method": "subscription", "params": {"channel": "book.BTC-14MAR25.none.20.100ms", "data": {"timestamp": 1741015669534, "change_id": 90639789353, "instrument_name": "BTC-14MAR25", "bids": [[91090.0, 2660.0], [91087.5, 8880.0], [91077.5, 4970.0], [91075.0, 1460.0], [91072.5, 4850.0], [91065.0, 7510.0], [91062.5, 25040.0], [91017.5, 4850.0], [90995.0, 20.0], [90970.0, 4850.0], [90922.5, 4870.0], [90920.0, 31500.0], [90917.5, 105000.0], [90912.5, 4850.0], [90875.0, 21970.0], [90867.5, 410.0], [90860.0, 4850.0], [90850.0, 4870.0], [90825.0, 22210.0], [90820.0, 4850.0]], "asks": [[91130.0, 2360.0], [91132.5, 7870.0], [91140.0, 8880.0], [91142.5, 20.0], [91147.5, 20000.0], [91180.0, 4850.0], [91190.0, 2000.0], [91192.5, 50000.0], [91195.0, 24300.0], [91207.5, 4850.0], [91215.0, 20.0], [91277.5, 4850.0], [91287.5, 4870.0], [91297.5, 4850.0], [91302.5, 105000.0], [91307.5, 4850.0], [91340.0, 14710.0], [91342.5, 3460.0], [91355.0, 4850.0], [91357.5, 410.0]]}}}
{"jsonrpc": "2.0", "method": "subscription", "params": {"channel": "book.BTC-7MAR25.none.20.100ms", "data": {"timestamp": 1741015669933, "change_id": 90639790225, "instrument_name": "BTC-7MAR25", "bids": [[90997.5, 16910.0], [90995.0, 20000.0], [90987.5, 9670.0], [90985.0, 8890.0], [90977.5, 2100.0], [90975.0, 7000.0], [90972.5, 120.0], [90960.0, 4950.0], [90957.5, 16500.0], [90927.5, 2100.0], [90925.0, 7000.0], [90922.5, 40.0], [90880.0, 7000.0], [90870.0, 7000.0], [90860.0, 7000.0], [90850.0, 7040.0], [90840.0, 7000.0], [90830.0, 7000.0], [90817.5, 103460.0], [90805.0, 7000.0]], "asks": [[91012.5, 120.0], [91022.5, 7000.0], [91035.0, 8890.0], [91037.5, 20000.0], [91040.0, 9000.0], [91052.5, 7000.0], [91062.5, 50000.0], [91065.0, 7000.0], [91070.0, 40.0], [91082.5, 7000.0], [91087.5, 16790.0], [91120.0, 7000.0], [91132.5, 7000.0], [91142.5, 7040.0], [91160.0, 7000.0], [91175.0, 7000.0], [91185.0, 7000.0], [91210.0, 22570.0], [91215.0, 105040.0], [91225.0, 7000.0]]}}}
{"jsonrpc": "2.0", "method": "subscription", "params": {"channel": "book.BTC-14MAR25.none.20.100ms", "data": {"timestamp": 1741015669927, "change_id": 90639790213, "instrument_name": "BTC-14MAR25", "bids": [[91090.0, 8330.0], [91087.5, 8880.0], [91085.0, 20000.0], [91077.5, 4970.0], [91075.0, 1460.0], [91072.5, 4850.0], [91065.0, 7510.0], [91062.5, 25040.0], [91017.5, 4850.0], [90995.0, 20.0], [90970.0, 4850.0], [90922.5, 4870.0], [90920.0, 31500.0], [90917.5, 105000.0], [90912.5, 4850.0], [90875.0, 21970.0], [90867.5, 410.0], [90860.0, 4850.0], [90850.0, 4870.0], [90825.0, 22210.0]], "asks": [[91130.0, 4850.0], [91132.5, 4970.0], [91137.5, 2660.0], [91140.0, 8880.0], [91142.5, 20.0], [91147.5, 20000.0], [91180.0, 4850.0], [91190.0, 2000.0], [91192.5, 50000.0], [91195.0, 24300.0], [91207.5, 4850.0], [91215.0, 20.0], [91277.5, 4850.0], [91287.5, 4870.0], [91297.5, 4850.0], [91302.5, 105000.0], [91307.5, 4850.0], [91340.0, 14710.0], [91342.5, 3460.0], [91355.0, 4850.0]]}}}
{"jsonrpc": "2.0", "method": "subscription", "params": {"channel": "book.BTC-14MAR25.none.20.100ms", "data": {"timestamp": 1741015670014, "change_id": 90639790386, "instrument_name": "BTC-14MAR25", "bids": [[91090.0, 8330.0], [91087.5, 8880.0], [91085.0, 20000.0], [91080.0, 7110.0], [91077.5, 4970.0], [91075.0, 20190.0], [91072.5, 4850.0], [91065.0, 7510.0], [91062.5, 25040.0], [91017.5, 4850.0], [90995.0, 20.0], [90970.0, 4850.0], [90922.5, 4870.0], [90920.0, 31500.0], [90917.5, 105000.0], [90912.5, 4850.0], [90875.0, 21970.0], [90867.5, 410.0], [90860.0, 4850.0], [90850.0, 4870.0]], "asks": [[91130.0, 4850.0], [91132.5, 4970.0], [91137.5, 2660.0], [91140.0, 8880.0], [91142.5, 20.0], [91147.5, 20000.0], [91155.0, 5220.0], [91170.0, 4850.0], [91177.5, 50000.0], [91180.0, 4850.0], [91190.0, 2000.0], [91195.0, 24300.0], [91207.5, 4850.0], [91215.0, 20.0], [91277.5, 4850.0], [91287.5, 4870.0], [91297.5, 4850.0], [91302.5, 105000.0], [91307.5, 4850.0], [91340.0, 14710.0]]}}}
{"jsonrpc": "2.0", "method": "subscription", "params": {"channel": "book.BTC-7MAR25.none.20.100ms", "data": {"timestamp": 1741015669996, "change_id": 90639790290, "instrument_name": "BTC-7MAR25", "bids": [[90997.5, 16910.0], [90995.0, 20000.0], [90987.5, 7000.0], [90985.0, 8890.0], [90977.5, 2100.0], [90975.0, 25710.0], [90972.5, 120.0], [90960.0, 4950.0], [90957.5, 16500.0], [90927.5, 2100.0], [90925.0, 7000.0], [90922.5, 40.0], [90882.5, 2100.0], [90880.0, 7000.0], [90870.0, 7000.0], [90860.0, 7000.0], [90850.0, 7040.0], [90840.0, 7000.0], [90830.0, 7000.0], [90817.5, 118620.0]], "asks": [[91012.5, 120.0], [91022.5, 7000.0], [91035.0, 8890.0], [91037.5, 20000.0], [91040.0, 9000.0], [91052.5, 7000.0], [91062.5, 50000.0], [91065.0, 7000.0], [91070.0, 40.0], [91082.5, 7000.0], [91087.5, 16790.0], [91120.0, 7000.0], [91132.5, 7000.0], [91142.5, 7040.0], [91160.0, 7000.0], [91175.0, 7000.0], [91185.0, 7000.0], [91210.0, 22570.0], [91215.0, 105040.0], [91225.0, 7000.0]]}}}
{"jsonrpc": "2.0", "method": "subscription", "params": {"channel": "book.BTC-7MAR25.none.20.100ms", "data": {"timestamp": 1741015670545, "change_id": 90639791161, "instrument_name": "BTC-7MAR25", "bids": [[91000.0, 14000.0], [90997.5, 16910.0], [90995.0, 20000.0], [90987.5, 7000.0], [90985.0, 8890.0], [90977.5, 2100.0], [90975.0, 25710.0], [90972.5, 120.0], [90960.0, 4950.0], [90957.5, 16500.0], [90927.5, 2100.0], [90925.0, 7000.0], [90922.5, 40.0], [90882.5, 2100.0], [90880.0, 7000.0], [90870.0, 7000.0], [90860.0, 7000.0], [90850.0, 7040.0], [90840.0, 7000.0], [90830.0, 7000.0]], "asks": [[91012.5, 120.0], [91035.0, 8890.0], [91037.5, 20000.0], [91040.0, 9000.0], [91052.5, 7000.0], [91062.5, 50000.0], [91065.0, 7000.0], [91070.0, 40.0], [91082.5, 7000.0], [91087.5, 16790.0], [91120.0, 7000.0], [91132.5, 7000.0], [91142.5, 7040.0], [91160.0, 7000.0], [91175.0, 7000.0], [91185.0, 7000.0], [91210.0, 22570.0], [91215.0, 105040.0], [91225.0, 7000.0], [91237.5, 500.0]]}}}
{"jsonrpc": "2.0", "method": "subscription", "params": {"channel": "book.BTC-14MAR25.none.20.100ms", "data": {"timestamp": 1741015670569, "change_id": 90639791225, "instrument_name": "BTC-14MAR25", "bids": [[91095.0, 2910.0], [91092.5, 4850.0], [91090.0, 13180.0], [91087.5, 8880.0], [91085.0, 20000.0], [91080.0, 7110.0], [91077.5, 120.0], [91075.0, 20190.0], [91065.0, 7510.0], [91062.5, 25040.0], [91017.5, 4850.0], [90995.0, 20.0], [90970.0, 4850.0], [90922.5, 4870.0], [90920.0, 31500.0], [90917.5, 105000.0], [90912.5, 4850.0], [90895.0, 21970.0], [90867.5, 410.0], [90860.0, 4850.0]], "asks": [[91132.5, 120.0], [91140.0, 8880.0], [91142.5, 20.0], [91152.5, 20000.0], [91155.0, 5220.0], [91170.0, 4850.0], [91180.0, 4850.0], [91190.0, 2000.0], [91192.5, 50000.0], [91195.0, 24300.0], [91207.5, 4850.0], [91215.0, 20.0], [91277.5, 4850.0], [91287.5, 4870.0], [91297.5, 4850.0], [91302.5, 105000.0], [91307.5, 4850.0], [91340.0, 14710.0], [91342.5, 3460.0], [91355.0, 4850.0]]}}}
{"jsonrpc": "2.0", "method": "subscription", "params": {"channel": "book.BTC-14MAR25.none.20.100ms", "data": {"timestamp": 1741015670899, "change_id": 90639792965, "instrument_name": "BTC-14MAR25", "bids": [[91097.5, 8880.0], [91095.0, 20000.0], [91090.0, 120.0], [91062.5, 25040.0], [91017.5, 4850.0], [90995.0, 20.0], [90970.0, 4850.0], [90922.5, 4870.0], [90917.5, 105000.0], [90912.5, 4850.0], [90897.5, 21970.0], [90867.5, 410.0], [90860.0, 4850.0], [90850.0, 4870.0], [90825.0, 22210.0], [90820.0, 4850.0], [90802.5, 45970.0], [90800.0, 4850.0], [90787.5, 45730.0], [90780.0, 4850.0]], "asks": [[91137.5, 4850.0], [91142.5, 8900.0], [91145.0, 120.0], [91167.5, 4850.0], [91182.5, 24850.0], [91185.0, 24610.0], [91190.0, 52000.0], [91192.5, 4850.0], [91207.5, 4850.0], [91215.0, 20.0], [91277.5, 4850.0], [91287.5, 4870.0], [91297.5, 4850.0], [91302.5, 105000.0], [91307.5, 4850.0], [91340.0, 14710.0], [91342.5, 3460.0], [91355.0, 4850.0], [91357.5, 410.0], [91360.0, 20.0]]}}}
{"jsonrpc": "2.0", "method": "subscription", "params": {"channel": "book.BTC-7MAR25.none.20.100ms", "data": {"timestamp": 1741015670910, "change_id": 90639793005, "instrument_name": "BTC-7MAR25", "bids": [[91005.0, 9910.0], [91002.5, 7000.0], [91000.0, 7000.0], [90995.0, 20000.0], [90990.0, 8890.0], [90987.5, 7000.0], [90985.0, 120.0], [90975.0, 7000.0], [90957.5, 16500.0], [90925.0, 7000.0], [90922.5, 40.0], [90880.0, 7000.0], [90870.0, 7000.0], [90860.0, 7000.0], [90850.0, 7040.0], [90840.0, 7000.0], [90830.0, 7000.0], [90817.5, 118620.0], [90805.0, 7000.0], [90785.0, 7000.0]], "asks": [[91035.0, 120.0], [91037.5, 7000.0], [91040.0, 17890.0], [91050.0, 20000.0], [91052.5, 7000.0], [91057.5, 50000.0], [91065.0, 7000.0], [91070.0, 40.0], [91077.5, 16930.0], [91082.5, 7000.0], [91120.0, 7000.0], [91132.5, 7000.0], [91142.5, 7040.0], [91160.0, 7000.0], [91175.0, 7000.0], [91185.0, 7000.0], [91210.0, 22570.0], [91215.0, 105040.0], [91225.0, 7000.0], [91237.5, 500.0]]}}}
{"jsonrpc": "2.0", "method": "subscription", "params": {"channel": "book.BTC-7MAR25.none.20.100ms", "data": {"timestamp": 1741015671255, "change_id": 90639794237, "instrument_name": "BTC-7MAR25", "bids": [[91010.0, 7000.0], [91007.5, 17000.0], [91005.0, 8890.0], [91000.0, 8100.0], [90997.5, 7000.0], [90995.0, 23000.0], [90992.5, 10000.0], [90987.5, 7000.0], [90985.0, 120.0], [90975.0, 7000.0], [90957.5, 16500.0], [90925.0, 7000.0], [90922.5, 40.0], [90870.0, 7000.0], [90860.0, 7000.0], [90850.0, 7040.0], [90840.0, 7000.0], [90830.0, 7000.0], [90820.0, 118620.0], [90805.0, 7000.0]], "asks": [[91032.5, 7000.0], [91035.0, 14120.0], [91040.0, 2000.0], [91050.0, 20000.0], [91052.5, 15890.0], [91062.5, 50000.0], [91065.0, 17000.0], [91070.0, 40.0], [91080.0, 16650.0], [91120.0, 7000.0], [91132.5, 7000.0], [91142.5, 7040.0], [91160.0, 7000.0], [91175.0, 7000.0], [91185.0, 7000.0], [91210.0, 22570.0], [91215.0, 105040.0], [91225.0, 7000.0], [91237.5, 500.0], [91265.0, 113170.0]]}}}
{"jsonrpc": "2.0", "method": "subscription", "params": {"channel": "book.BTC-14MAR25.none.20.100ms", "data": {"timestamp": 1741015671190, "change_id": 90639794044, "instrument_name": "BTC-14MAR25", "bids": [[91105.0, 8660.0], [91102.5, 8880.0], [91100.0, 20000.0], [91090.0, 4970.0], [91075.0, 10000.0], [91062.5, 25040.0], [91017.5, 4850.0], [90995.0, 20.0], [90970.0, 4850.0], [90922.5, 4870.0], [90917.5, 105000.0], [90912.5, 4850.0], [90900.0, 21970.0], [90867.5, 410.0], [90860.0, 4850.0], [90850.0, 4870.0], [90825.0, 22210.0], [90820.0, 4850.0], [90802.5, 45970.0], [90800.0, 4850.0]], "asks": [[91142.5, 4870.0], [91145.0, 120.0], [91150.0, 10000.0], [91157.5, 8880.0], [91172.5, 4850.0], [91182.5, 24850.0], [91187.5, 50000.0], [91190.0, 2000.0], [91192.5, 4850.0], [91195.0, 25130.0], [91207.5, 4850.0], [91215.0, 20.0], [91277.5, 4850.0], [91287.5, 4870.0], [91297.5, 4850.0], [91302.5, 105000.0], [91307.5, 4850.0], [91340.0, 14710.0], [91342.5, 3460.0], [91355.0, 4850.0]]}}}
{"jsonrpc": "2.0", "method": "subscription", "params": {"channel": "book.BTC-7MAR25.none.20.100ms", "data": {"timestamp": 1741015671433, "change_id": 90639794617, "instrument_name": "BTC-7MAR25", "bids": [[91010.0, 16910.0], [91007.5, 7000.0], [91005.0, 8890.0], [91000.0, 7000.0], [90997.5, 6000.0], [90995.0, 23000.0], [90992.5, 10000.0], [90990.0, 2140.0], [90987.5, 7000.0], [90985.0, 120.0], [90975.0, 7000.0], [90957.5, 16500.0], [90925.0, 7000.0], [90922.5, 40.0], [90870.0, 7000.0], [90860.0, 7000.0], [90850.0, 7040.0], [90840.0, 7000.0], [90830.0, 7000.0], [90820.0, 118620.0]], "asks": [[91032.5, 7000.0], [91035.0, 14120.0], [91040.0, 2000.0], [91050.0, 20000.0], [91052.5, 15890.0], [91055.0, 10000.0], [91062.5, 50000.0], [91065.0, 7000.0], [91070.0, 40.0], [91080.0, 16650.0], [91120.0, 7000.0], [91132.5, 7000.0], [91142.5, 7040.0], [91160.0, 7000.0], [91175.0, 7000.0], [91185.0, 7000.0], [91210.0, 22570.0], [91215.0, 105040.0], [91225.0, 7000.0], [91237.5, 500.0]]}}}
{"jsonrpc": "2.0", "method": "subscription", "params": {"channel": "book.BTC-14MAR25.none.20.100ms", "data": {"timestamp": 1741015671376, "change_id": 90639794518, "instrument_name": "BTC-14MAR25", "bids": [[91102.5, 8880.0], [91100.0, 20000.0], [91090.0, 4970.0], [91075.0, 10000.0], [91062.5, 25040.0], [91017.5, 4850.0], [90995.0, 20.0], [90970.0, 4850.0], [90922.5, 4870.0], [90917.5, 105000.0], [90912.5, 4850.0], [90900.0, 21970.0], [90867.5, 410.0], [90860.0, 4850.0], [90850.0, 4870.0], [90825.0, 22210.0], [90820.0, 4850.0], [90802.5, 45970.0], [90800.0, 4850.0], [90787.5, 45730.0]], "asks": [[91140.0, 12900.0], [91142.5, 4870.0], [91145.0, 120.0], [91157.5, 8880.0], [91170.0, 20000.0], [91172.5, 4850.0], [91182.5, 4850.0], [91187.5, 50000.0], [91190.0, 2000.0], [91192.5, 4850.0], [91195.0, 25130.0], [91207.5, 4850.0], [91215.0, 20.0], [91277.5, 4850.0], [91287.5, 4870.0], [91297.5, 4850.0], [91302.5, 105000.0], [91307.5, 4850.0], [91340.0, 14710.0], [91342.5, 3460.0]]}}}
{"jsonrpc": "2.0", "method": "subscription", "params": {"channel": "book.BTC-7MAR25.none.20.100ms", "data": {"timestamp": 1741015671901, "change_id": 90639795678, "instrument_name": "BTC-7MAR25", "bids": [[91002.5, 7000.0], [91000.0, 8890.0], [90997.5, 33910.0], [90995.0, 20000.0], [90992.5, 10000.0], [90987.5, 7000.0], [90985.0, 120.0], [90975.0, 7000.0], [90957.5, 16500.0], [90925.0, 7000.0], [90922.5, 40.0], [90870.0, 7000.0], [90860.0, 7000.0], [90850.0, 7040.0], [90840.0, 7000.0], [90830.0, 7000.0], [90820.0, 118620.0], [90805.0, 7000.0], [90785.0, 7000.0], [90782.5, 26230.0]], "asks": [[91032.5, 7000.0], [91035.0, 14120.0], [91040.0, 22000.0], [91042.5, 8890.0], [91052.5, 7000.0], [91055.0, 10000.0], [91062.5, 50000.0], [91065.0, 7000.0], [91070.0, 40.0], [91080.0, 16650.0], [91120.0, 7000.0], [91132.5, 7000.0], [91142.5, 7040.0], [91160.0, 7000.0], [91175.0, 7000.0], [91185.0, 7000.0], [91210.0, 22570.0], [91215.0, 105040.0], [91225.0, 7000.0], [91237.5, 500.0]]}}}
{"jsonrpc": "2.0", "method": "subscription", "params": {"channel": "book.BTC-14MAR25.none.20.100ms", "data": {"timestamp": 1741015671864, "change_id": 90639795556, "instrument_name": "BTC-14MAR25", "bids": [[91102.5, 8880.0], [91100.0, 20000.0], [91090.0, 4970.0], [91082.5, 46510.0], [91075.0, 10000.0], [91062.5, 25040.0], [91017.5, 4850.0], [90995.0, 20.0], [90970.0, 4850.0], [90922.5, 4870.0], [90917.5, 105000.0], [90912.5, 4850.0], [90900.0, 21970.0], [90867.5, 410.0], [90860.0, 4850.0], [90850.0, 4870.0], [90825.0, 22210.0], [90820.0, 4850.0], [90802.5, 45970.0], [90800.0, 4850.0]], "asks": [[91137.5, 4850.0], [91140.0, 14850.0], [91142.5, 20.0], [91145.0, 120.0], [91147.5, 8880.0], [91155.0, 20000.0], [91182.5, 4850.0], [91187.5, 50000.0], [91190.0, 2000.0], [91192.5, 4850.0], [91195.0, 25130.0], [91207.5, 4850.0], [91215.0, 20.0], [91277.5, 4850.0], [91287.5, 4870.0], [91297.5, 4850.0], [91302.5, 105000.0], [91307.5, 4850.0], [91340.0, 14710.0], [91342.5, 3460.0]]}}}
{"jsonrpc": "2.0", "method": "subscription", "params": {"channel": "book.BTC-14MAR25.none.20.100ms", "data": {"timestamp": 1741015672238, "change_id": 90639796352, "instrument_name": "BTC-14MAR25", "bids": [[91100.0, 13730.0], [91090.0, 4970.0], [91087.5, 20000.0], [91082.5, 46510.0], [91075.0, 10000.0], [91062.5, 25040.0], [91017.5, 4850.0], [90995.0, 20.0], [90970.0, 4850.0], [90922.5, 4870.0], [90917.5, 105000.0], [90912.5, 4850.0], [90900.0, 21970.0], [90867.5, 410.0], [90860.0, 4850.0], [90850.0, 4870.0], [90825.0, 22210.0], [90820.0, 4850.0], [90802.5, 45970.0], [90800.0, 4850.0]], "asks": [[91135.0, 120.0], [91140.0, 10000.0], [91142.5, 20.0], [91147.5, 8880.0], [91155.0, 20000.0], [91182.5, 4850.0], [91187.5, 50000.0], [91190.0, 2000.0], [91192.5, 4850.0], [91207.5, 4850.0], [91215.0, 20.0], [91277.5, 4850.0], [91287.5, 4870.0], [91297.5, 4850.0], [91302.5, 105000.0], [91307.5, 4850.0], [91340.0, 14710.0], [91342.5, 3460.0], [91355.0, 4850.0], [91357.5, 410.0]]}}}
{"jsonrpc": "2.0", "method": "subscription", "params": {"channel": "book.BTC-7MAR25.none.20.100ms", "data": {"timestamp": 1741015672237, "change_id": 90639796349, "instrument_name": "BTC-7MAR25", "bids": [[91007.5, 7000.0], [91005.0, 16910.0], [91002.5, 90.0], [90997.5, 15890.0], [90995.0, 20000.0], [90992.5, 10000.0], [90987.5, 7000.0], [90985.0, 120.0], [90975.0, 7000.0], [90957.5, 16500.0], [90925.0, 7000.0], [90922.5, 40.0], [90870.0, 7000.0], [90860.0, 7000.0], [90850.0, 7040.0], [90840.0, 7000.0], [90830.0, 7000.0], [90827.5, 118620.0], [90805.0, 7000.0], [90785.0, 7000.0]], "asks": [[91022.5, 120.0], [91035.0, 7000.0], [91040.0, 22000.0], [91042.5, 7000.0], [91047.5, 8890.0], [91052.5, 7000.0], [91055.0, 10000.0], [91062.5, 50000.0], [91065.0, 7000.0], [91070.0, 40.0], [91120.0, 7000.0], [91132.5, 7000.0], [91142.5, 7040.0], [91160.0, 7000.0], [91175.0, 7000.0], [91185.0, 7000.0], [91210.0, 22570.0], [91215.0, 105040.0], [91225.0, 7000.0], [91237.5, 500.0]]}}}
{"jsonrpc": "2.0", "method": "subscription", "params": {"channel": "book.BTC-14MAR25.none.20.100ms", "data": {"timestamp": 1741015672437, "change_id": 90639796808, "instrument_name": "BTC-14MAR25", "bids": [[91100.0, 13730.0], [91097.5, 20000.0], [91092.5, 1490.0], [91090.0, 4970.0], [91082.5, 46510.0], [91075.0, 10000.0], [91062.5, 25040.0], [91017.5, 4850.0], [90995.0, 20.0], [90970.0, 4850.0], [90922.5, 4870.0], [90917.5, 105000.0], [90912.5, 4850.0], [90900.0, 21970.0], [90867.5, 410.0], [90860.0, 4850.0], [90850.0, 4870.0], [90825.0, 22210.0], [90820.0, 4850.0], [90802.5, 45970.0]], "asks": [[91135.0, 120.0], [91140.0, 10000.0], [91142.5, 20.0], [91147.5, 8880.0], [91155.0, 20000.0], [91182.5, 4850.0], [91190.0, 52000.0], [91192.5, 4850.0], [91195.0, 24320.0], [91207.5, 4850.0], [91215.0, 20.0], [91277.5, 4850.0], [91287.5, 4870.0], [91297.5, 4850.0], [91302.5, 105000.0], [91307.5, 4850.0], [91340.0, 14710.0], [91342.5, 3460.0], [91355.0, 4850.0], [91357.5, 410.0]]}}}
{"jsonrpc": "2.0", "method": "subscription", "params": {"channel": "book.BTC-7MAR25.none.20.100ms", "data": {"timestamp": 1741015672549, "change_id": 90639797034, "instrument_name": "BTC-7MAR25", "bids": [[91010.0, 9910.0], [91007.5, 17000.0], [91005.0, 7000.0], [91000.0, 10770.0], [90997.5, 15890.0], [90995.0, 23000.0], [90992.5, 10000.0], [90990.0, 2140.0], [90987.5, 7000.0], [90985.0, 120.0], [90975.0, 7000.0], [90957.5, 16500.0], [90925.0, 7000.0], [90922.5, 40.0], [90870.0, 7000.0], [90860.0, 7000.0], [90850.0, 7040.0], [90840.0, 7000.0], [90830.0, 7000.0], [90825.0, 118620.0]], "asks": [[91022.5, 120.0], [91032.5, 2100.0], [91035.0, 7000.0], [91037.5, 6600.0], [91040.0, 22000.0], [91042.5, 22000.0], [91045.0, 50000.0], [91047.5, 8890.0], [91052.5, 7000.0], [91055.0, 10000.0], [91065.0, 7000.0], [91070.0, 40.0], [91080.0, 16240.0], [91120.0, 7000.0], [91132.5, 7000.0], [91142.5, 7040.0], [91160.0, 7000.0], [91175.0, 7000.0], [91185.0, 7000.0], [91210.0, 22570.0]]}}}
{"jsonrpc": "2.0", "method": "subscription", "params": {"channel": "book.BTC-7MAR25.none.20.100ms", "data": {"timestamp": 1741015672895, "change_id": 90639797937, "instrument_name": "BTC-7MAR25", "bids": [[91010.0, 7000.0], [91000.0, 17770.0], [90997.5, 8890.0], [90995.0, 23000.0], [90992.5, 10000.0], [90990.0, 2140.0], [90987.5, 7000.0], [90985.0, 120.0], [90977.5, 2100.0], [90975.0, 7000.0], [90957.5, 16500.0], [90925.0, 7000.0], [90922.5, 40.0], [90870.0, 7000.0], [90860.0, 7000.0], [90850.0, 7040.0], [90840.0, 7000.0], [90830.0, 7000.0], [90825.0, 118620.0], [90805.0, 7000.0]], "asks": [[91022.5, 120.0], [91032.5, 2100.0], [91035.0, 7000.0], [91037.5, 6600.0], [91040.0, 22000.0], [91042.5, 22000.0], [91045.0, 52670.0], [91047.5, 8890.0], [91050.0, 5100.0], [91052.5, 7000.0], [91055.0, 10000.0], [91065.0, 7000.0], [91070.0, 40.0], [91110.0, 16440.0], [91120.0, 7000.0], [91132.5, 7000.0], [91142.5, 7040.0], [91160.0, 7000.0], [91175.0, 7000.0], [91185.0, 7000.0]]}}}
{"jsonrpc": "2.0", "method": "subscription", "params": {"channel": "book.BTC-14MAR25.none.20.100ms", "data": {"timestamp": 1741015672797, "change_id": 90639797632, "instrument_name": "BTC-14MAR25", "bids": [[91102.5, 4850.0], [91100.0, 13730.0], [91097.5, 20000.0], [91090.0, 120.0], [91082.5, 46510.0], [91075.0, 10000.0], [91062.5, 25040.0], [91017.5, 4850.0], [90995.0, 20.0], [90970.0, 4850.0], [90922.5, 4870.0], [90917.5, 105000.0], [90912.5, 4850.0], [90900.0, 21970.0], [90867.5, 410.0], [90860.0, 4850.0], [90850.0, 4870.0], [90825.0, 22210.0], [90820.0, 4850.0], [90802.5, 45970.0]], "asks": [[91135.0, 120.0], [91140.0, 10000.0], [91142.5, 20.0], [91147.5, 8880.0], [91155.0, 20000.0], [91182.5, 4850.0], [91190.0, 52000.0], [91192.5, 4850.0], [91195.0, 24320.0], [91207.5, 4850.0], [91215.0, 20.0], [91277.5, 4850.0], [91287.5, 4870.0], [91297.5, 4850.0], [91302.5, 105000.0], [91307.5, 4850.0], [91340.0, 14710.0], [91342.5, 3460.0], [91355.0, 4850.0], [91357.5, 410.0]]}}}
{"jsonrpc": "2.0", "method": "subscription", "params": {"channel": "book.BTC-14MAR25.none.20.100ms", "data": {"timestamp": 1741015672945, "change_id": 90639797960, "instrument_name": "BTC-14MAR25", "bids": [[91105.0, 5570.0], [91102.5, 4850.0], [91100.0, 13730.0], [91097.5, 20000.0], [91090.0, 120.0], [91085.0, 10000.0], [91062.5, 25040.0], [91017.5, 4850.0], [90995.0, 20.0], [90970.0, 4850.0], [90922.5, 4870.0], [90917.5, 105000.0], [90912.5, 4850.0], [90900.0, 21970.0], [90867.5, 410.0], [90860.0, 4850.0], [90850.0, 4870.0], [90825.0, 22210.0], [90820.0, 4850.0], [90802.5, 45970.0]], "asks": [[91135.0, 120.0], [91140.0, 10000.0], [91142.5, 20.0], [91147.5, 8880.0], [91155.0, 20000.0], [91182.5, 4850.0], [91190.0, 52000.0], [91192.5, 4850.0], [91195.0, 24320.0], [91207.5, 4850.0], [91215.0, 20.0], [91277.5, 4850.0], [91287.5, 4870.0], [91297.5, 4850.0], [91302.5, 105000.0], [91307.5, 4850.0], [91340.0, 14710.0], [91342.5, 3460.0], [91355.0, 4850.0], [91357.5, 410.0]]}}}
{"jsonrpc": "2.0", "method": "subscription", "params": {"channel": "book.BTC-7MAR25.none.20.100ms", "data": {"timestamp": 1741015673103, "change_id": 90639798155, "instrument_name": "BTC-7MAR25", "bids": [[91012.5, 16910.0], [91010.0, 7000.0], [91002.5, 2100.0], [91000.0, 17770.0], [90997.5, 8890.0], [90995.0, 23000.0], [90992.5, 10000.0], [90990.0, 2140.0], [90987.5, 65020.0], [90985.0, 120.0], [90977.5, 2100.0], [90975.0, 7000.0], [90957.5, 16500.0], [90925.0, 7000.0], [90922.5, 40.0], [90870.0, 7000.0], [90860.0, 7000.0], [90850.0, 7040.0], [90840.0, 7000.0], [90830.0, 7000.0]], "asks": [[91022.5, 120.0], [91032.5, 2100.0], [91035.0, 7000.0], [91037.5, 6600.0], [91040.0, 22000.0], [91042.5, 22000.0], [91045.0, 52670.0], [91047.5, 8890.0], [91050.0, 5100.0], [91052.5, 7000.0], [91055.0, 10000.0], [91065.0, 7000.0], [91070.0, 40.0], [91110.0, 16440.0], [91120.0, 7000.0], [91132.5, 7000.0], [91142.5, 7040.0], [91160.0, 7000.0], [91175.0, 7000.0], [91185.0, 7000.0]]}}}
{"jsonrpc": "2.0", "method": "subscription", "params": {"channel": "book.BTC-7MAR25.none.20.100ms", "data": {"timestamp": 1741015673566, "change_id": 90639799644, "instrument_name": "BTC-7MAR25", "bids": [[91025.0, 7000.0], [91022.5, 28890.0], [91015.0, 14000.0], [91005.0, 10000.0], [91002.5, 23810.0], [90995.0, 120.0], [90987.5, 65020.0], [90925.0, 7000.0], [90922.5, 40.0], [90870.0, 7000.0], [90860.0, 7000.0], [90850.0, 7040.0], [90842.5, 58490.0], [90840.0, 7000.0], [90830.0, 7000.0], [90805.0, 7000.0], [90785.0, 7000.0], [90782.5, 26230.0], [90777.5, 40.0], [90775.0, 7000.0]], "asks": [[91052.5, 7000.0], [91062.5, 20000.0], [91065.0, 7000.0], [91067.5, 2000.0], [91070.0, 40.0], [91085.0, 16700.0], [91097.5, 10000.0], [91132.5, 7000.0], [91137.5, 50000.0], [91142.5, 7040.0], [91160.0, 7000.0], [91175.0, 7000.0], [91185.0, 7000.0], [91210.0, 22570.0], [91215.0, 105040.0], [91225.0, 7000.0], [91237.5, 500.0], [91265.0, 113170.0], [91272.5, 210000.0], [91275.0, 7000.0]]}}}
{"jsonrpc": "2.0", "method": "subscription", "params": {"channel": "book.BTC-14MAR25.none.20.100ms", "data": {"timestamp": 1741015673524, "change_id": 90639799480, "instrument_name": "BTC-14MAR25", "bids": [[91120.0, 28880.0], [91107.5, 4850.0], [91100.0, 120.0], [91095.0, 10000.0], [91087.5, 75140.0], [91065.0, 4850.0], [91062.5, 25040.0], [91017.5, 4850.0], [90995.0, 20.0], [90970.0, 4850.0], [90922.5, 4870.0], [90917.5, 105000.0], [90912.5, 4850.0], [90902.5, 21970.0], [90867.5, 410.0], [90860.0, 4850.0], [90850.0, 4870.0], [90825.0, 22210.0], [90820.0, 4850.0], [90802.5, 45970.0]], "asks": [[91142.5, 20.0], [91182.5, 10000.0], [91190.0, 22000.0], [91192.5, 4850.0], [91195.0, 120.0], [91207.5, 4850.0], [91215.0, 20.0], [91277.5, 4850.0], [91285.0, 50000.0], [91287.5, 4870.0], [91297.5, 4850.0], [91302.5, 105000.0], [91307.5, 4850.0], [91340.0, 14710.0], [91342.5, 3460.0], [91355.0, 4850.0], [91357.5, 410.0], [91360.0, 20.0], [91385.0, 4850.0], [91392.5, 45040.0]]}}}
{"jsonrpc": "2.0", "method": "subscription", "params": {"channel": "book.BTC-7MAR25.none.20.100ms", "data": {"timestamp": 1741015673886, "change_id": 90639800561, "instrument_name": "BTC-7MAR25", "bids": [[91030.0, 7000.0], [91027.5, 16910.0], [91022.5, 28890.0], [91015.0, 17000.0], [91002.5, 23810.0], [90995.0, 120.0], [90987.5, 7000.0], [90925.0, 7000.0], [90922.5, 40.0], [90870.0, 7000.0], [90860.0, 7000.0], [90850.0, 7040.0], [90842.5, 58490.0], [90840.0, 7000.0], [90830.0, 7000.0], [90805.0, 7000.0], [90785.0, 7000.0], [90782.5, 26230.0], [90777.5, 40.0], [90775.0, 7000.0]], "asks": [[91052.5, 7000.0], [91055.0, 120.0], [91062.5, 20000.0], [91065.0, 7000.0], [91067.5, 10890.0], [91070.0, 10040.0], [91085.0, 7000.0], [91105.0, 7000.0], [91107.5, 50000.0], [91115.0, 7000.0], [91120.0, 16550.0], [91132.5, 7000.0], [91142.5, 7040.0], [91160.0, 7000.0], [91175.0, 7000.0], [91185.0, 7000.0], [91210.0, 22570.0], [91215.0, 105040.0], [91225.0, 7000.0], [91237.5, 500.0]]}}}
{"jsonrpc": "2.0", "method": "subscription", "params": {"channel": "book.BTC-14MAR25.none.20.100ms", "data": {"timestamp": 1741015673882, "change_id": 90639800555, "instrument_name": "BTC-14MAR25", "bids": [[91120.0, 28880.0], [91107.5, 4850.0], [91100.0, 120.0], [91095.0, 10000.0], [91065.0, 4850.0], [91062.5, 25040.0], [91017.5, 4850.0], [90995.0, 20.0], [90970.0, 4850.0], [90922.5, 4870.0], [90917.5, 105000.0], [90912.5, 4850.0], [90902.5, 21970.0], [90867.5, 410.0], [90860.0, 4850.0], [90850.0, 4870.0], [90825.0, 22210.0], [90820.0, 4850.0], [90802.5, 45970.0], [90800.0, 4850.0]], "asks": [[91142.5, 20.0], [91155.0, 10000.0], [91165.0, 120.0], [91170.0, 8880.0], [91182.5, 4850.0], [91190.0, 22000.0], [91192.5, 4850.0], [91205.0, 50000.0], [91207.5, 4850.0], [91215.0, 20.0], [91225.0, 25270.0], [91277.5, 4850.0], [91287.5, 4870.0], [91297.5, 4850.0], [91302.5, 105000.0], [91307.5, 4850.0], [91340.0, 14710.0], [91342.5, 3460.0], [91355.0, 4850.0], [91357.5, 410.0]]}}}
{"jsonrpc": "2.0", "method": "subscription", "params": {"channel": "book.BTC-7MAR25.none.20.100ms", "data": {"timestamp": 1741015674226, "change_id": 90639801110, "instrument_name": "BTC-7MAR25", "bids": [[91030.0, 7000.0], [91027.5, 7000.0], [91022.5, 28890.0], [91020.0, 7000.0], [91015.0, 10000.0], [91007.5, 24610.0], [91005.0, 84120.0], [91002.5, 7000.0], [90992.5, 4830.0], [90990.0, 18200.0], [90987.5, 7000.0], [90927.5, 2100.0], [90925.0, 7000.0], [90922.5, 40.0], [90870.0, 7000.0], [90860.0, 7000.0], [90850.0, 7040.0], [90842.5, 58490.0], [90840.0, 7000.0], [90830.0, 7000.0]], "asks": [[91050.0, 4240.0], [91052.5, 7000.0], [91055.0, 7120.0], [91065.0, 27000.0], [91067.5, 10890.0], [91070.0, 10040.0], [91085.0, 7000.0], [91105.0, 7000.0], [91107.5, 50000.0], [91115.0, 7000.0], [91120.0, 16550.0], [91132.5, 7000.0], [91142.5, 7040.0], [91160.0, 7000.0], [91175.0, 7000.0], [91185.0, 7000.0], [91210.0, 22570.0], [91215.0, 105040.0], [91225.0, 7000.0], [91237.5, 500.0]]}}}
{"jsonrpc": "2.0", "method": "subscription", "params": {"channel": "book.BTC-14MAR25.none.20.100ms", "data": {"timestamp": 1741015674165, "change_id": 90639800963, "instrument_name": "BTC-14MAR25", "bids": [[91122.5, 8660.0], [91120.0, 28880.0], [91107.5, 29450.0], [91105.0, 81990.0], [91100.0, 120.0], [91095.0, 10000.0], [91065.0, 4850.0], [91062.5, 25040.0], [91017.5, 4850.0], [90995.0, 20.0], [90970.0, 4850.0], [90922.5, 4870.0], [90917.5, 105000.0], [90912.5, 4850.0], [90902.5, 21970.0], [90867.5, 410.0], [90860.0, 4850.0], [90850.0, 4870.0], [90825.0, 22210.0], [90820.0, 4850.0]], "asks": [[91142.5, 20.0], [91155.0, 10000.0], [91165.0, 120.0], [91170.0, 8880.0], [91182.5, 4850.0], [91190.0, 20000.0], [91192.5, 4850.0], [91207.5, 4850.0], [91212.5, 50000.0], [91215.0, 2020.0], [91217.5, 4850.0], [91225.0, 25270.0], [91277.5, 4850.0], [91287.5, 4870.0], [91297.5, 4850.0], [91302.5, 105000.0], [91307.5, 4850.0], [91340.0, 14710.0], [91342.5, 3460.0], [91355.0, 4850.0]]}}}
{"jsonrpc": "2.0", "method": "subscription", "params": {"channel": "book.BTC-7MAR25.none.20.100ms", "data": {"timestamp": 1741015674452, "change_id": 90639801493, "instrument_name": "BTC-7MAR25", "bids": [[91030.0, 7000.0], [91022.5, 28890.0], [91020.0, 7000.0], [91015.0, 10000.0], [91007.5, 24610.0], [91005.0, 84120.0], [91002.5, 7000.0], [90992.5, 4830.0], [90990.0, 18200.0], [90987.5, 7000.0], [90927.5, 2100.0], [90925.0, 7000.0], [90922.5, 40.0], [90870.0, 7000.0], [90860.0, 7000.0], [90850.0, 7040.0], [90842.5, 58490.0], [90840.0, 7000.0], [90830.0, 7000.0], [90805.0, 7000.0]], "asks": [[91050.0, 4240.0], [91052.5, 7000.0], [91055.0, 7120.0], [91065.0, 27000.0], [91067.5, 10890.0], [91070.0, 10040.0], [91085.0, 7000.0], [91105.0, 7000.0], [91107.5, 50000.0], [91115.0, 7000.0], [91120.0, 16550.0], [91132.5, 7000.0], [91142.5, 7040.0], [91160.0, 7000.0], [91175.0, 7000.0], [91185.0, 7000.0], [91210.0, 22570.0], [91215.0, 105040.0], [91225.0, 7000.0], [91237.5, 500.0]]}}}
{"jsonrpc": "2.0", "method": "subscription", "params": {"channel": "book.BTC-14MAR25.none.20.100ms", "data": {"timestamp": 1741015674545, "change_id": 90639801712, "instrument_name": "BTC-14MAR25", "bids": [[91122.5, 4290.0], [91120.0, 28880.0], [91107.5, 29450.0], [91105.0, 81990.0], [91100.0, 120.0], [91097.5, 3000.0], [91095.0, 10000.0], [91065.0, 12360.0], [91062.5, 25040.0], [91017.5, 4850.0], [90995.0, 20.0], [90970.0, 4850.0], [90922.5, 4870.0], [90917.5, 105000.0], [90912.5, 4850.0], [90902.5, 21970.0], [90867.5, 410.0], [90860.0, 4850.0], [90850.0, 4870.0], [90825.0, 22210.0]], "asks": [[91142.5, 20.0], [91155.0, 10000.0], [91165.0, 120.0], [91170.0, 8880.0], [91190.0, 20000.0], [91192.5, 4850.0], [91205.0, 50000.0], [91207.5, 4850.0], [91215.0, 2020.0], [91217.5, 4850.0], [91225.0, 25270.0], [91277.5, 4850.0], [91287.5, 4870.0], [91297.5, 4850.0], [91302.5, 105000.0], [91307.5, 4850.0], [91340.0, 14710.0], [91342.5, 3460.0], [91355.0, 4850.0], [91357.5, 410.0]]}}}
{"jsonrpc": "2.0", "method": "subscription", "params": {"channel": "book.BTC-7MAR25.none.20.100ms", "data": {"timestamp": 1741015674888, "change_id": 90639802868, "instrument_name": "BTC-7MAR25", "bids": [[91035.0, 7000.0], [91032.5, 9910.0], [91030.0, 14000.0], [91027.5, 10000.0], [91022.5, 28890.0], [91020.0, 7000.0], [91005.0, 82020.0], [91002.5, 7000.0], [90987.5, 7000.0], [90967.5, 16900.0], [90925.0, 7000.0], [90922.5, 40.0], [90870.0, 7000.0], [90860.0, 7000.0], [90855.0, 58490.0], [90850.0, 7040.0], [90840.0, 7000.0], [90830.0, 7000.0], [90805.0, 7000.0], [90785.0, 7000.0]], "asks": [[91045.0, 120.0], [91067.5, 22000.0], [91070.0, 10040.0], [91085.0, 7000.0], [91092.5, 16640.0], [91105.0, 7000.0], [91112.5, 50000.0], [91115.0, 7000.0], [91132.5, 7000.0], [91142.5, 7040.0], [91160.0, 7000.0], [91175.0, 7000.0], [91185.0, 7000.0], [91210.0, 22570.0], [91215.0, 105040.0], [91225.0, 7000.0], [91237.5, 500.0], [91265.0, 113170.0], [91272.5, 210000.0], [91275.0, 7000.0]]}}}
{"jsonrpc": "2.0", "method": "subscription", "params": {"channel": "book.BTC-14MAR25.none.20.100ms", "data": {"timestamp": 1741015674888, "change_id": 90639802867, "instrument_name": "BTC-14MAR25", "bids": [[91127.5, 4850.0], [91120.0, 28880.0], [91112.5, 120.0], [91107.5, 10000.0], [91105.0, 81990.0], [91082.5, 4850.0], [91065.0, 4850.0], [91062.5, 25040.0], [91017.5, 4850.0], [90995.0, 20.0], [90970.0, 4850.0], [90922.5, 4870.0], [90920.0, 21970.0], [90917.5, 105000.0], [90912.5, 4850.0], [90867.5, 410.0], [90860.0, 4850.0], [90850.0, 4870.0], [90830.0, 54850.0], [90825.0, 22210.0]], "asks": [[91142.5, 20.0], [91155.0, 10120.0], [91190.0, 20000.0], [91192.5, 4850.0], [91207.5, 4850.0], [91215.0, 2020.0], [91217.5, 4850.0], [91275.0, 50000.0], [91277.5, 4850.0], [91287.5, 4870.0], [91297.5, 4850.0], [91302.5, 105000.0], [91307.5, 4850.0], [91340.0, 14710.0], [91342.5, 3460.0], [91355.0, 4850.0], [91357.5, 410.0], [91360.0, 20.0], [91385.0, 4850.0], [91392.5, 45040.0]]}}}
{"jsonrpc": "2.0", "method": "subscription", "params": {"channel": "book.BTC-14MAR25.none.20.100ms", "data": {"timestamp": 1741015675096, "change_id": 90639803616, "instrument_name": "BTC-14MAR25", "bids": [[91130.0, 28880.0], [91127.5, 4850.0], [91112.5, 120.0], [91107.5, 10000.0], [91082.5, 4850.0], [91065.0, 4850.0], [91062.5, 25040.0], [91017.5, 4850.0], [90995.0, 20.0], [90970.0, 4850.0], [90922.5, 4870.0], [90920.0, 21970.0], [90917.5, 105000.0], [90912.5, 4850.0], [90867.5, 410.0], [90860.0, 4850.0], [90850.0, 4870.0], [90830.0, 54850.0], [90825.0, 22210.0], [90820.0, 4850.0]], "asks": [[91142.5, 20.0], [91155.0, 10000.0], [91167.5, 120.0], [91180.0, 8880.0], [91190.0, 20000.0], [91207.5, 4850.0], [91215.0, 52020.0], [91217.5, 4850.0], [91222.5, 25130.0], [91227.5, 4850.0], [91277.5, 4850.0], [91287.5, 4870.0], [91297.5, 4850.0], [91302.5, 105000.0], [91307.5, 4850.0], [91340.0, 14710.0], [91342.5, 3460.0], [91355.0, 4850.0], [91357.5, 410.0], [91360.0, 20.0]]}}}
{"jsonrpc": "2.0", "method": "subscription", "params": {"channel": "book.BTC-7MAR25.none.20.100ms", "data": {"timestamp": 1741015675201, "change_id": 90639803870, "instrument_name": "BTC-7MAR25", "bids": [[91035.0, 27000.0], [91032.5, 8890.0], [91030.0, 10000.0], [91027.5, 10000.0], [91022.5, 2100.0], [91020.0, 7000.0], [91015.0, 120.0], [91005.0, 2100.0], [91002.5, 7000.0], [90987.5, 7000.0], [90967.5, 16900.0], [90925.0, 7000.0], [90922.5, 40.0], [90870.0, 7000.0], [90860.0, 7000.0], [90852.5, 118620.0], [90850.0, 7040.0], [90840.0, 7000.0], [90830.0, 7000.0], [90805.0, 7000.0]], "asks": [[91045.0, 120.0], [91067.5, 20000.0], [91070.0, 10040.0], [91075.0, 7000.0], [91077.5, 8890.0], [91085.0, 7000.0], [91092.5, 18220.0], [91105.0, 7000.0], [91115.0, 57000.0], [91132.5, 7000.0], [91142.5, 7040.0], [91160.0, 7000.0], [91175.0, 7000.0], [91185.0, 7000.0], [91210.0, 22570.0], [91215.0, 105040.0], [91225.0, 7000.0], [91237.5, 500.0], [91265.0, 113170.0], [91272.5, 210000.0]]}}}
{"jsonrpc": "2.0", "method": "subscription", "params": {"channel": "book.BTC-14MAR25.none.20.100ms", "data": {"timestamp": 1741015675409, "change_id": 90639804296, "instrument_name": "BTC-14MAR25", "bids": [[91130.0, 28880.0], [91127.5, 4850.0], [91115.0, 82000.0], [91112.5, 120.0], [91107.5, 10000.0], [91082.5, 4850.0], [91065.0, 4850.0], [91062.5, 25040.0], [91017.5, 4850.0], [90995.0, 20.0], [90970.0, 4850.0], [90922.5, 4870.0], [90920.0, 21970.0], [90917.5, 105000.0], [90912.5, 4850.0], [90867.5, 410.0], [90860.0, 4850.0], [90850.0, 4870.0], [90830.0, 54850.0], [90825.0, 22210.0]], "asks": [[91142.5, 20.0], [91155.0, 10000.0], [91167.5, 120.0], [91180.0, 8880.0], [91190.0, 20000.0], [91207.5, 4850.0], [91215.0, 52020.0], [91217.5, 4850.0], [91222.5, 25130.0], [91227.5, 4850.0], [91277.5, 4850.0], [91287.5, 4870.0], [91297.5, 4850.0], [91302.5, 105000.0], [91307.5, 4850.0], [91340.0, 14710.0], [91342.5, 3460.0], [91355.0, 4850.0], [91357.5, 410.0], [91360.0, 20.0]]}}}
{"jsonrpc": "2.0", "method": "subscription", "params": {"channel": "book.BTC-7MAR25.none.20.100ms", "data": {"timestamp": 1741015675411, "change_id": 90639804302, "instrument_name": "BTC-7MAR25", "bids": [[91035.0, 27000.0], [91032.5, 8890.0], [91030.0, 10000.0], [91027.5, 10000.0], [91022.5, 2100.0], [91020.0, 31610.0], [91017.5, 81910.0], [91015.0, 120.0], [91005.0, 2100.0], [91002.5, 7000.0], [90987.5, 7000.0], [90967.5, 16900.0], [90925.0, 7000.0], [90922.5, 40.0], [90870.0, 7000.0], [90860.0, 7000.0], [90852.5, 118620.0], [90850.0, 7040.0], [90840.0, 7000.0], [90830.0, 7000.0]], "asks": [[91045.0, 120.0], [91067.5, 20000.0], [91070.0, 10040.0], [91075.0, 7000.0], [91077.5, 8890.0], [91085.0, 7000.0], [91092.5, 18220.0], [91105.0, 7000.0], [91115.0, 57000.0], [91132.5, 7000.0], [91142.5, 7040.0], [91160.0, 7000.0], [91175.0, 7000.0], [91185.0, 7000.0], [91210.0, 22570.0], [91215.0, 105040.0], [91225.0, 7000.0], [91237.5, 500.0], [91265.0, 113170.0], [91272.5, 210000.0]]}}}
{"jsonrpc": "2.0", "method": "subscription", "params": {"channel": "book.BTC-7MAR25.none.20.100ms", "data": {"timestamp": 1741015675868, "change_id": 90639806065, "instrument_name": "BTC-7MAR25", "bids": [[91042.5, 12000.0], [91040.0, 9910.0], [91037.5, 14000.0], [91035.0, 22670.0], [91032.5, 8890.0], [91030.0, 3000.0], [91027.5, 10000.0], [91022.5, 2100.0], [91020.0, 31610.0], [91017.5, 81910.0], [91015.0, 120.0], [91005.0, 2100.0], [91002.5, 7000.0], [90990.0, 2100.0], [90987.5, 7000.0], [90970.0, 5070.0], [90967.5, 16900.0], [90927.5, 2100.0], [90925.0, 7000.0], [90922.5, 40.0]], "asks": [[91067.5, 120.0], [91070.0, 40.0], [91082.5, 8100.0], [91085.0, 27000.0], [91087.5, 18890.0], [91092.5, 2000.0], [91095.0, 16740.0], [91105.0, 7000.0], [91115.0, 57000.0], [91132.5, 7000.0], [91142.5, 7040.0], [91175.0, 7000.0], [91185.0, 7000.0], [91210.0, 22570.0], [91215.0, 105040.0], [91225.0, 7000.0], [91237.5, 500.0], [91265.0, 113170.0], [91275.0, 7000.0], [91285.0, 7000.0]]}}}
{"jsonrpc": "2.0", "method": "subscription", "params": {"channel": "book.BTC-14MAR25.none.20.100ms", "data": {"timestamp": 1741015675866, "change_id": 90639806059, "instrument_name": "BTC-14MAR25", "bids": [[91137.5, 8880.0], [91132.5, 12310.0], [91130.0, 24850.0], [91122.5, 120.0], [91117.5, 24600.0], [91115.0, 82000.0], [91110.0, 3000.0], [91107.5, 10000.0], [91102.5, 25060.0], [91085.0, 1460.0], [91082.5, 4850.0], [91065.0, 4850.0], [91017.5, 4850.0], [90995.0, 20.0], [90970.0, 4850.0], [90927.5, 21970.0], [90922.5, 4870.0], [90917.5, 105000.0], [90912.5, 4850.0], [90887.5, 22210.0]], "asks": [[91142.5, 20.0], [91167.5, 120.0], [91172.5, 10000.0], [91180.0, 8880.0], [91205.0, 20000.0], [91207.5, 4850.0], [91215.0, 2020.0], [91217.5, 29320.0], [91220.0, 50000.0], [91227.5, 4850.0], [91277.5, 4850.0], [91287.5, 4870.0], [91297.5, 4850.0], [91302.5, 105000.0], [91307.5, 4850.0], [91340.0, 14710.0], [91342.5, 3460.0], [91355.0, 4850.0], [91357.5, 410.0], [91360.0, 20.0]]}}}
{"jsonrpc": "2.0", "method": "subscription", "params": {"channel": "book.BTC-7MAR25.none.20.100ms", "data": {"timestamp": 1741015676188, "change_id": 90639807914, "instrument_name": "BTC-7MAR25", "bids": [[91052.5, 5000.0], [91047.5, 30000.0], [91025.0, 120.0], [91020.0, 7000.0], [91017.5, 81910.0], [91015.0, 16430.0], [91002.5, 7000.0], [90987.5, 7000.0], [90925.0, 7000.0], [90922.5, 40.0], [90872.5, 118620.0], [90870.0, 7000.0], [90860.0, 7000.0], [90850.0, 7040.0], [90830.0, 7000.0], [90805.0, 7000.0], [90785.0, 7000.0], [90782.5, 26230.0], [90777.5, 40.0], [90775.0, 7000.0]], "asks": [[91070.0, 14040.0], [91082.5, 120.0], [91085.0, 7000.0], [91092.5, 22000.0], [91095.0, 7000.0], [91102.5, 10000.0], [91105.0, 7000.0], [91107.5, 16710.0], [91112.5, 50000.0], [91115.0, 7000.0], [91132.5, 7000.0], [91142.5, 7040.0], [91175.0, 7000.0], [91185.0, 7000.0], [91210.0, 22570.0], [91215.0, 105040.0], [91225.0, 7000.0], [91265.0, 113170.0], [91275.0, 7000.0], [91285.0, 7000.0]]}}}
{"jsonrpc": "2.0", "method": "subscription", "params": {"channel": "book.BTC-14MAR25.none.20.100ms", "data": {"timestamp": 1741015676185, "change_id": 90639807843, "instrument_name": "BTC-14MAR25", "bids": [[91137.5, 13730.0], [91132.5, 120.0], [91130.0, 30000.0], [91115.0, 82000.0], [91102.5, 25060.0], [91065.0, 4850.0], [91017.5, 4850.0], [90995.0, 20.0], [90970.0, 4850.0], [90930.0, 21970.0], [90922.5, 4870.0], [90917.5, 105000.0], [90912.5, 4850.0], [90887.5, 22210.0], [90867.5, 410.0], [90860.0, 4850.0], [90850.0, 4870.0], [90830.0, 54850.0], [90820.0, 4850.0], [90802.5, 45970.0]], "asks": [[91142.5, 20.0], [91185.0, 20120.0], [91187.5, 10000.0], [91192.5, 8880.0], [91215.0, 20.0], [91227.5, 4850.0], [91232.5, 25330.0], [91235.0, 50000.0], [91237.5, 4850.0], [91242.5, 2000.0], [91277.5, 4850.0], [91287.5, 4870.0], [91297.5, 4850.0], [91302.5, 105000.0], [91307.5, 4850.0], [91340.0, 14710.0], [91342.5, 3460.0], [91355.0, 4850.0], [91357.5, 410.0], [91360.0, 20.0]]}}}
{"jsonrpc": "2.0", "method": "subscription", "params": {"channel": "book.BTC-7MAR25.none.20.100ms", "data": {"timestamp": 1741015676456, "change_id": 90639808703, "instrument_name": "BTC-7MAR25", "bids": [[91055.0, 21910.0], [91052.5, 5000.0], [91045.0, 7000.0], [91037.5, 8890.0], [91035.0, 10000.0], [91025.0, 120.0], [91020.0, 7000.0], [91017.5, 81910.0], [91015.0, 16430.0], [91002.5, 7000.0], [90987.5, 7000.0], [90925.0, 7000.0], [90922.5, 40.0], [90872.5, 118620.0], [90870.0, 7000.0], [90860.0, 7000.0], [90850.0, 7040.0], [90830.0, 7000.0], [90805.0, 7000.0], [90785.0, 7000.0]], "asks": [[91070.0, 160.0], [91082.5, 8890.0], [91085.0, 7000.0], [91092.5, 32000.0], [91095.0, 7000.0], [91105.0, 7000.0], [91107.5, 16710.0], [91112.5, 50000.0], [91115.0, 7000.0], [91132.5, 7000.0], [91142.5, 7040.0], [91175.0, 7000.0], [91185.0, 7000.0], [91210.0, 22570.0], [91215.0, 105040.0], [91225.0, 7000.0], [91265.0, 113170.0], [91275.0, 7000.0], [91285.0, 7000.0], [91287.5, 40.0]]}}}
{"jsonrpc": "2.0", "method": "subscription", "params": {"channel": "book.BTC-14MAR25.none.20.100ms", "data": {"timestamp": 1741015676334, "change_id": 90639808320, "instrument_name": "BTC-14MAR25", "bids": [[91137.5, 8880.0], [91132.5, 120.0], [91130.0, 20000.0], [91117.5, 10000.0], [91115.0, 82000.0], [91102.5, 25060.0], [91065.0, 4850.0], [91017.5, 4850.0], [90995.0, 20.0], [90970.0, 4850.0], [90930.0, 21970.0], [90922.5, 4870.0], [90917.5, 105000.0], [90912.5, 4850.0], [90887.5, 22210.0], [90867.5, 410.0], [90860.0, 4850.0], [90850.0, 4870.0], [90830.0, 54850.0], [90820.0, 4850.0]], "asks": [[91142.5, 20.0], [91182.5, 8880.0], [91185.0, 20120.0], [91187.5, 10000.0], [91215.0, 20.0], [91227.5, 4850.0], [91232.5, 25330.0], [91235.0, 50000.0], [91237.5, 4850.0], [91242.5, 2000.0], [91277.5, 4850.0], [91287.5, 4870.0], [91297.5, 4850.0], [91302.5, 105000.0], [91307.5, 4850.0], [91340.0, 14710.0], [91342.5, 3460.0], [91355.0, 4850.0], [91357.5, 410.0], [91360.0, 20.0]]}}}
{"jsonrpc": "2.0", "method": "subscription", "params": {"channel": "book.BTC-7MAR25.none.20.100ms", "data": {"timestamp": 1741015676860, "change_id": 90639809753, "instrument_name": "BTC-7MAR25", "bids": [[91057.5, 5000.0], [91055.0, 12000.0], [91047.5, 20000.0], [91040.0, 5670.0], [91037.5, 8890.0], [91035.0, 17000.0], [91025.0, 120.0], [91022.5, 2100.0], [91020.0, 36500.0], [91017.5, 81910.0], [91015.0, 16430.0], [91005.0, 2100.0], [91002.5, 7000.0], [90987.5, 7000.0], [90925.0, 7000.0], [90922.5, 40.0], [90870.0, 7000.0], [90867.5, 118620.0], [90860.0, 7000.0], [90850.0, 7040.0]], "asks": [[91070.0, 160.0], [91082.5, 8890.0], [91085.0, 7000.0], [91092.5, 32000.0], [91095.0, 7000.0], [91105.0, 7000.0], [91110.0, 16210.0], [91112.5, 50000.0], [91115.0, 7000.0], [91132.5, 7000.0], [91142.5, 7040.0], [91175.0, 7000.0], [91185.0, 7000.0], [91210.0, 22570.0], [91215.0, 105040.0], [91225.0, 7000.0], [91265.0, 113170.0], [91275.0, 7000.0], [91285.0, 7000.0], [91287.5, 40.0]]}}}
{"jsonrpc": "2.0", "method": "subscription", "params": {"channel": "book.BTC-14MAR25.none.20.100ms", "data": {"timestamp": 1741015676819, "change_id": 90639809587, "instrument_name": "BTC-14MAR25", "bids": [[91137.5, 8880.0], [91132.5, 6120.0], [91130.0, 20000.0], [91127.5, 10000.0], [91120.0, 27600.0], [91115.0, 82000.0], [91102.5, 25060.0], [91065.0, 4850.0], [91017.5, 4850.0], [90995.0, 20.0], [90970.0, 4850.0], [90930.0, 21970.0], [90922.5, 4870.0], [90917.5, 105000.0], [90912.5, 4850.0], [90887.5, 22210.0], [90867.5, 410.0], [90860.0, 4850.0], [90850.0, 4870.0], [90830.0, 4850.0]], "asks": [[91142.5, 20.0], [91177.5, 10000.0], [91182.5, 8880.0], [91185.0, 20120.0], [91215.0, 20.0], [91227.5, 4850.0], [91232.5, 25330.0], [91235.0, 50000.0], [91237.5, 4850.0], [91242.5, 2000.0], [91277.5, 4850.0], [91287.5, 4870.0], [91297.5, 4850.0], [91302.5, 105000.0], [91307.5, 4850.0], [91340.0, 14710.0], [91342.5, 3460.0], [91355.0, 4850.0], [91357.5, 410.0], [91360.0, 20.0]]}}}
