{"jsonrpc": "2.0", "method": "subscription", "params": {"channel": "book.BTC-7MAR25.none.20.100ms", "data": {"timestamp": 1741274552139, "change_id": 91310807050, "instrument_name": "BTC-7MAR25", "bids": [[91067.5, 10.0], [91065.0, 1600.0], [91060.0, 12270.0], [91057.5, 4900.0], [91055.0, 30000.0], [91052.5, 480.0], [91050.0, 1600.0], [91037.5, 1800.0], [91035.0, 6000.0], [91020.0, 6000.0], [91010.0, 1800.0], [91007.5, 6000.0], [91002.5, 59530.0], [91000.0, 18050.0], [90997.5, 6000.0], [90995.0, 50.0], [90990.0, 1800.0], [90987.5, 6000.0], [90977.5, 1800.0], [90975.0, 6000.0]], "asks": [[91070.0, 1600.0], [91092.5, 1430.0], [91095.0, 4780.0], [91102.5, 120.0], [91107.5, 44820.0], [91110.0, 9000.0], [91112.5, 10000.0], [91120.0, 50000.0], [91127.5, 6000.0], [91130.0, 15920.0], [91137.5, 17930.0], [91140.0, 59750.0], [91142.5, 6040.0], [91152.5, 6000.0], [91162.5, 6000.0], [91182.5, 60780.0], [91187.5, 6000.0], [91190.0, 9120.0], [91197.5, 6000.0], [91207.5, 6000.0]]}}}
{"jsonrpc": "2.0", "method": "subscription", "params": {"channel": "book.BTC-14MAR25.none.20.100ms", "data": {"timestamp": 1741274552382, "change_id": 91310808268, "instrument_name": "BTC-14MAR25", "bids": [[91187.5, 4200.0], [91185.0, 4770.0], [91177.5, 10000.0], [91175.0, 120.0], [91165.0, 4200.0], [91157.5, 2600.0], [91155.0, 4200.0], [91145.0, 4200.0], [91142.5, 20.0], [91135.0, 4200.0], [91130.0, 24600.0], [91125.0, 4200.0], [91115.0, 4200.0], [91102.5, 7650.0], [91100.0, 4200.0], [91090.0, 4200.0], [91082.5, 26440.0], [91077.5, 19150.0], [91070.0, 20.0], [91067.5, 4200.0]], "asks": [[91217.5, 4200.0], [91220.0, 120.0], [91227.5, 4200.0], [91230.0, 8970.0], [91235.0, 10000.0], [91240.0, 4200.0], [91250.0, 4200.0], [91255.0, 10280.0], [91260.0, 54200.0], [91262.5, 24650.0], [91282.5, 4200.0], [91285.0, 15090.0], [91287.5, 20.0], [91292.5, 4200.0], [91310.0, 4200.0], [91320.0, 13330.0], [91330.0, 4200.0], [91345.0, 22760.0], [91350.0, 4200.0], [91360.0, 4220.0]]}}}
{"jsonrpc": "2.0", "method": "subscription", "params": {"channel": "book.BTC-7MAR25.none.20.100ms", "data": {"timestamp": 1741274552488, "change_id": 91310808640, "instrument_name": "BTC-7MAR25", "bids": [[91055.0, 10010.0], [91045.0, 4900.0], [91007.5, 6000.0], [91005.0, 59530.0], [91000.0, 16230.0], [90997.5, 6000.0], [90995.0, 50.0], [90987.5, 6000.0], [90975.0, 6000.0], [90965.0, 6000.0], [90955.0, 6000.0], [90950.0, 60710.0], [90945.0, 6000.0], [90935.0, 6000.0], [90925.0, 6000.0], [90922.5, 40.0], [90915.0, 6000.0], [90905.0, 6000.0], [90902.5, 61780.0], [90890.0, 6000.0]], "asks": [[91057.5, 1610.0], [91082.5, 4780.0], [91090.0, 6000.0], [91092.5, 120.0], [91097.5, 44820.0], [91100.0, 6000.0], [91102.5, 10000.0], [91110.0, 6000.0], [91127.5, 56000.0], [91135.0, 2000.0], [91140.0, 59750.0], [91142.5, 6040.0], [91150.0, 16690.0], [91162.5, 6000.0], [91182.5, 60780.0], [91187.5, 6000.0], [91190.0, 9120.0], [91197.5, 6000.0], [91207.5, 6000.0], [91215.0, 40.0]]}}}
{"jsonrpc": "2.0", "method": "subscription", "params": {"channel": "book.BTC-14MAR25.none.20.100ms", "data": {"timestamp": 1741274552818, "change_id": 91310809330, "instrument_name": "BTC-14MAR25", "bids": [[91185.0, 4770.0], [91180.0, 3040.0], [91177.5, 10000.0], [91175.0, 120.0], [91165.0, 4200.0], [91160.0, 2040.0], [91157.5, 2600.0], [91155.0, 4200.0], [91145.0, 4200.0], [91142.5, 20.0], [91135.0, 4200.0], [91130.0, 24600.0], [91125.0, 4200.0], [91115.0, 4200.0], [91100.0, 4200.0], [91090.0, 4200.0], [91082.5, 26440.0], [91077.5, 4200.0], [91070.0, 20.0], [91067.5, 4200.0]], "asks": [[91212.5, 4200.0], [91220.0, 1550.0], [91222.5, 4770.0], [91227.5, 1260.0], [91230.0, 4200.0], [91235.0, 10000.0], [91240.0, 4200.0], [91250.0, 4200.0], [91255.0, 10280.0], [91260.0, 54200.0], [91262.5, 24650.0], [91282.5, 4200.0], [91285.0, 15090.0], [91287.5, 20.0], [91292.5, 4200.0], [91310.0, 4200.0], [91320.0, 13330.0], [91330.0, 4200.0], [91345.0, 22760.0], [91350.0, 4200.0]]}}}
{"jsonrpc": "2.0", "method": "subscription", "params": {"channel": "book.BTC-7MAR25.none.20.100ms", "data": {"timestamp": 1741274552826, "change_id": 91310809434, "instrument_name": "BTC-7MAR25", "bids": [[91055.0, 29720.0], [91050.0, 1950.0], [91047.5, 1600.0], [91045.0, 4900.0], [91010.0, 1800.0], [91007.5, 6000.0], [91005.0, 18220.0], [91002.5, 59530.0], [91000.0, 18050.0], [90997.5, 6000.0], [90995.0, 50.0], [90987.5, 6000.0], [90975.0, 6000.0], [90965.0, 6000.0], [90955.0, 6000.0], [90952.5, 60710.0], [90945.0, 6000.0], [90935.0, 6000.0], [90925.0, 6000.0], [90922.5, 40.0]], "asks": [[91057.5, 1610.0], [91077.5, 480.0], [91080.0, 3030.0], [91082.5, 4780.0], [91087.5, 1800.0], [91090.0, 6000.0], [91092.5, 15120.0], [91095.0, 65250.0], [91097.5, 44820.0], [91100.0, 6000.0], [91102.5, 10000.0], [91110.0, 6000.0], [91127.5, 6000.0], [91135.0, 2000.0], [91140.0, 59750.0], [91142.5, 6040.0], [91150.0, 16690.0], [91162.5, 6000.0], [91182.5, 60780.0], [91187.5, 6000.0]]}}}
{"jsonrpc": "2.0", "method": "subscription", "params": {"channel": "book.BTC-14MAR25.none.20.100ms", "data": {"timestamp": 1741274553103, "change_id": 91310809902, "instrument_name": "BTC-14MAR25", "bids": [[91190.0, 4200.0], [91187.5, 1430.0], [91185.0, 4770.0], [91180.0, 3040.0], [91177.5, 10000.0], [91175.0, 120.0], [91167.5, 1260.0], [91165.0, 4200.0], [91160.0, 780.0], [91157.5, 2600.0], [91147.5, 1260.0], [91145.0, 4200.0], [91142.5, 20.0], [91137.5, 1260.0], [91135.0, 4200.0], [91132.5, 7380.0], [91130.0, 24600.0], [91127.5, 1260.0], [91125.0, 4200.0], [91117.5, 1260.0]], "asks": [[91212.5, 1260.0], [91215.0, 4200.0], [91220.0, 1550.0], [91222.5, 4770.0], [91227.5, 1260.0], [91230.0, 4200.0], [91232.5, 3000.0], [91235.0, 10000.0], [91247.5, 16260.0], [91250.0, 54200.0], [91252.5, 3080.0], [91255.0, 16070.0], [91257.5, 15090.0], [91260.0, 11600.0], [91262.5, 24650.0], [91280.0, 1260.0], [91282.5, 4200.0], [91287.5, 20.0], [91292.5, 4200.0], [91310.0, 4200.0]]}}}
{"jsonrpc": "2.0", "method": "subscription", "params": {"channel": "book.BTC-7MAR25.none.20.100ms", "data": {"timestamp": 1741274553151, "change_id": 91310809995, "instrument_name": "BTC-7MAR25", "bids": [[91055.0, 10000.0], [91050.0, 1950.0], [91047.5, 1600.0], [91045.0, 4900.0], [91010.0, 1800.0], [91007.5, 6000.0], [91002.5, 4870.0], [91000.0, 18050.0], [90997.5, 6000.0], [90995.0, 50.0], [90990.0, 1800.0], [90987.5, 6000.0], [90977.5, 1800.0], [90975.0, 6000.0], [90967.5, 1800.0], [90965.0, 6000.0], [90957.5, 1800.0], [90955.0, 6000.0], [90950.0, 20010.0], [90947.5, 60710.0]], "asks": [[91057.5, 1610.0], [91077.5, 480.0], [91080.0, 3030.0], [91082.5, 4780.0], [91087.5, 1800.0], [91090.0, 6000.0], [91092.5, 15120.0], [91095.0, 65250.0], [91097.5, 44820.0], [91100.0, 9000.0], [91102.5, 10000.0], [91107.5, 1800.0], [91110.0, 6000.0], [91125.0, 1800.0], [91127.5, 6000.0], [91132.5, 600.0], [91135.0, 2000.0], [91137.5, 17930.0], [91140.0, 61560.0], [91142.5, 6040.0]]}}}
{"jsonrpc": "2.0", "method": "subscription", "params": {"channel": "book.BTC-7MAR25.none.20.100ms", "data": {"timestamp": 1741274553464, "change_id": 91310811166, "instrument_name": "BTC-7MAR25", "bids": [[91052.5, 2080.0], [91050.0, 8040.0], [91047.5, 21320.0], [91045.0, 3120.0], [91042.5, 10000.0], [91040.0, 4780.0], [91022.5, 1800.0], [91020.0, 6000.0], [91010.0, 1800.0], [91007.5, 6000.0], [91005.0, 21560.0], [91002.5, 59530.0], [91000.0, 18050.0], [90997.5, 6000.0], [90995.0, 50.0], [90990.0, 1800.0], [90987.5, 6000.0], [90977.5, 1800.0], [90975.0, 6000.0], [90967.5, 1800.0]], "asks": [[91070.0, 7430.0], [91072.5, 4780.0], [91077.5, 480.0], [91080.0, 1600.0], [91082.5, 120.0], [91087.5, 1800.0], [91090.0, 6000.0], [91092.5, 25000.0], [91095.0, 65250.0], [91097.5, 44820.0], [91100.0, 6000.0], [91107.5, 1800.0], [91110.0, 6000.0], [91125.0, 1800.0], [91127.5, 6000.0], [91132.5, 600.0], [91135.0, 2000.0], [91137.5, 17930.0], [91140.0, 61560.0], [91142.5, 6040.0]]}}}
{"jsonrpc": "2.0", "method": "subscription", "params": {"channel": "book.BTC-14MAR25.none.20.100ms", "data": {"timestamp": 1741274553420, "change_id": 91310811030, "instrument_name": "BTC-14MAR25", "bids": [[91182.5, 4200.0], [91180.0, 12010.0], [91177.5, 10000.0], [91165.0, 4200.0], [91162.5, 120.0], [91147.5, 1260.0], [91145.0, 4200.0], [91142.5, 20.0], [91135.0, 4200.0], [91132.5, 7380.0], [91130.0, 24600.0], [91127.5, 1260.0], [91125.0, 4200.0], [91117.5, 1260.0], [91115.0, 4200.0], [91100.0, 4200.0], [91095.0, 7650.0], [91092.5, 1260.0], [91090.0, 4200.0], [91082.5, 26440.0]], "asks": [[91207.5, 120.0], [91217.5, 1300.0], [91220.0, 8450.0], [91222.5, 4770.0], [91225.0, 10000.0], [91230.0, 4200.0], [91250.0, 4200.0], [91255.0, 66070.0], [91257.5, 15090.0], [91260.0, 4200.0], [91262.5, 24650.0], [91282.5, 4200.0], [91287.5, 20.0], [91290.0, 1260.0], [91292.5, 4200.0], [91310.0, 4200.0], [91320.0, 13330.0], [91327.5, 1260.0], [91330.0, 4200.0], [91342.5, 6830.0]]}}}
{"jsonrpc": "2.0", "method": "subscription", "params": {"channel": "book.BTC-7MAR25.none.20.100ms", "data": {"timestamp": 1741274553779, "change_id": 91310812723, "instrument_name": "BTC-7MAR25", "bids": [[91067.5, 6000.0], [91065.0, 7610.0], [91057.5, 20000.0], [91055.0, 1720.0], [91052.5, 11600.0], [91050.0, 6380.0], [91047.5, 1600.0], [91030.0, 6000.0], [91020.0, 6000.0], [91012.5, 59530.0], [91007.5, 6000.0], [91000.0, 16230.0], [90997.5, 6000.0], [90995.0, 50.0], [90987.5, 6000.0], [90975.0, 6000.0], [90965.0, 6000.0], [90962.5, 60710.0], [90955.0, 6000.0], [90945.0, 6000.0]], "asks": [[91087.5, 4780.0], [91095.0, 120.0], [91097.5, 44820.0], [91102.5, 50000.0], [91105.0, 10000.0], [91127.5, 6000.0], [91135.0, 2000.0], [91140.0, 59750.0], [91142.5, 6040.0], [91162.5, 6000.0], [91187.5, 6000.0], [91190.0, 9120.0], [91197.5, 6000.0], [91207.5, 6000.0], [91215.0, 40.0], [91225.0, 85110.0], [91247.5, 6000.0], [91257.5, 61790.0], [91277.5, 6000.0], [91287.5, 6040.0]]}}}
{"jsonrpc": "2.0", "method": "subscription", "params": {"channel": "book.BTC-14MAR25.none.20.100ms", "data": {"timestamp": 1741274553772, "change_id": 91310812757, "instrument_name": "BTC-14MAR25", "bids": [[91197.5, 8400.0], [91190.0, 4770.0], [91187.5, 10000.0], [91182.5, 4200.0], [91172.5, 120.0], [91165.0, 4200.0], [91145.0, 4200.0], [91142.5, 20.0], [91135.0, 4200.0], [91130.0, 24600.0], [91125.0, 4200.0], [91115.0, 4200.0], [91100.0, 4200.0], [91090.0, 4200.0], [91087.5, 14950.0], [91082.5, 26440.0], [91077.5, 4200.0], [91070.0, 20.0], [91067.5, 4200.0], [91057.5, 4200.0]], "asks": [[91220.0, 120.0], [91230.0, 4770.0], [91237.5, 10000.0], [91250.0, 4200.0], [91260.0, 4200.0], [91270.0, 4200.0], [91280.0, 15090.0], [91282.5, 4200.0], [91287.5, 20.0], [91290.0, 50000.0], [91292.5, 4200.0], [91295.0, 2000.0], [91310.0, 4200.0], [91320.0, 13330.0], [91330.0, 4200.0], [91345.0, 22760.0], [91350.0, 4200.0], [91360.0, 4220.0], [91380.0, 4200.0], [91392.5, 105000.0]]}}}
{"jsonrpc": "2.0", "method": "subscription", "params": {"channel": "book.BTC-7MAR25.none.20.100ms", "data": {"timestamp": 1741274554126, "change_id": 91310815019, "instrument_name": "BTC-7MAR25", "bids": [[91082.5, 4800.0], [91080.0, 16000.0], [91077.5, 1800.0], [91075.0, 12120.0], [91072.5, 20010.0], [91070.0, 2320.0], [91067.5, 6000.0], [91065.0, 1600.0], [91057.5, 480.0], [91055.0, 4360.0], [91052.5, 7600.0], [91050.0, 2080.0], [91047.5, 1600.0], [91042.5, 4850.0], [91040.0, 16180.0], [91032.5, 1800.0], [91030.0, 6000.0], [91025.0, 1800.0], [91020.0, 6000.0], [91007.5, 6000.0]], "asks": [[91117.5, 6000.0], [91120.0, 3880.0], [91122.5, 6000.0], [91130.0, 4800.0], [91132.5, 6000.0], [91135.0, 10000.0], [91140.0, 1810.0], [91142.5, 6040.0], [91145.0, 54900.0], [91147.5, 16330.0], [91150.0, 1800.0], [91152.5, 6000.0], [91160.0, 2000.0], [91162.5, 6000.0], [91187.5, 6000.0], [91190.0, 9120.0], [91197.5, 6000.0], [91207.5, 6000.0], [91215.0, 40.0], [91225.0, 85110.0]]}}}
{"jsonrpc": "2.0", "method": "subscription", "params": {"channel": "book.BTC-14MAR25.none.20.100ms", "data": {"timestamp": 1741274554142, "change_id": 91310815068, "instrument_name": "BTC-14MAR25", "bids": [[91217.5, 1260.0], [91215.0, 7200.0], [91212.5, 10000.0], [91210.0, 2520.0], [91207.5, 8400.0], [91200.0, 20000.0], [91197.5, 4200.0], [91182.5, 4320.0], [91170.0, 24970.0], [91165.0, 4200.0], [91145.0, 4200.0], [91142.5, 20.0], [91137.5, 7650.0], [91135.0, 4200.0], [91125.0, 4200.0], [91115.0, 4200.0], [91107.5, 14950.0], [91100.0, 4200.0], [91090.0, 4200.0], [91082.5, 26440.0]], "asks": [[91255.0, 4200.0], [91257.5, 2520.0], [91260.0, 8400.0], [91267.5, 10000.0], [91270.0, 4200.0], [91275.0, 23920.0], [91282.5, 4200.0], [91287.5, 20.0], [91292.5, 4200.0], [91307.5, 50000.0], [91310.0, 4200.0], [91320.0, 13330.0], [91330.0, 4200.0], [91350.0, 4200.0], [91360.0, 4220.0], [91380.0, 4200.0], [91392.5, 105000.0], [91397.5, 72050.0], [91417.5, 4200.0], [91430.0, 44070.0]]}}}
{"jsonrpc": "2.0", "method": "subscription", "params": {"channel": "book.BTC-14MAR25.none.20.100ms", "data": {"timestamp": 1741274554406, "change_id": 91310816491, "instrument_name": "BTC-14MAR25", "bids": [[91220.0, 4770.0], [91212.5, 10000.0], [91202.5, 120.0], [91200.0, 20000.0], [91197.5, 4200.0], [91182.5, 4200.0], [91170.0, 24970.0], [91165.0, 4200.0], [91145.0, 4200.0], [91142.5, 20.0], [91135.0, 4200.0], [91130.0, 7650.0], [91125.0, 4200.0], [91115.0, 4200.0], [91100.0, 4200.0], [91090.0, 4200.0], [91082.5, 26440.0], [91077.5, 4200.0], [91075.0, 22600.0], [91070.0, 20.0]], "asks": [[91252.5, 8400.0], [91255.0, 120.0], [91260.0, 4770.0], [91267.5, 10000.0], [91270.0, 4200.0], [91282.5, 4200.0], [91287.5, 50020.0], [91290.0, 23900.0], [91292.5, 4200.0], [91310.0, 4200.0], [91320.0, 13330.0], [91330.0, 4200.0], [91350.0, 4200.0], [91360.0, 4220.0], [91380.0, 4200.0], [91392.5, 105000.0], [91397.5, 72050.0], [91417.5, 4200.0], [91430.0, 44070.0], [91432.5, 4220.0]]}}}
{"jsonrpc": "2.0", "method": "subscription", "params": {"channel": "book.BTC-7MAR25.none.20.100ms", "data": {"timestamp": 1741274554467, "change_id": 91310816858, "instrument_name": "BTC-7MAR25", "bids": [[91085.0, 11410.0], [91080.0, 14780.0], [91075.0, 120.0], [91072.5, 20010.0], [91067.5, 6000.0], [91055.0, 1600.0], [91052.5, 6000.0], [91040.0, 16180.0], [91032.5, 44510.0], [91030.0, 6000.0], [91020.0, 6000.0], [91007.5, 6000.0], [90997.5, 6000.0], [90995.0, 50.0], [90987.5, 6000.0], [90975.0, 6000.0], [90965.0, 6000.0], [90955.0, 6000.0], [90945.0, 6000.0], [90935.0, 6000.0]], "asks": [[91110.0, 6010.0], [91115.0, 4780.0], [91117.5, 6000.0], [91120.0, 1600.0], [91130.0, 120.0], [91132.5, 6000.0], [91135.0, 10000.0], [91137.5, 12960.0], [91140.0, 50000.0], [91142.5, 6040.0], [91152.5, 6000.0], [91160.0, 2000.0], [91162.5, 22510.0], [91187.5, 6000.0], [91190.0, 9120.0], [91197.5, 6000.0], [91207.5, 6000.0], [91215.0, 40.0], [91225.0, 85110.0], [91247.5, 6000.0]]}}}
{"jsonrpc": "2.0", "method": "subscription", "params": {"channel": "book.BTC-14MAR25.none.20.100ms", "data": {"timestamp": 1741274554775, "change_id": 91310818227, "instrument_name": "BTC-14MAR25", "bids": [[91220.0, 4200.0], [91215.0, 4430.0], [91212.5, 14770.0], [91210.0, 1260.0], [91207.5, 4200.0], [91202.5, 120.0], [91200.0, 20000.0], [91197.5, 4200.0], [91182.5, 4200.0], [91170.0, 24970.0], [91165.0, 4200.0], [91145.0, 4200.0], [91142.5, 20.0], [91135.0, 4200.0], [91127.5, 7650.0], [91125.0, 4200.0], [91115.0, 4200.0], [91100.0, 4200.0], [91090.0, 4200.0], [91077.5, 4200.0]], "asks": [[91252.5, 4200.0], [91255.0, 4890.0], [91265.0, 132130.0], [91267.5, 10000.0], [91270.0, 4200.0], [91282.5, 4200.0], [91287.5, 20.0], [91290.0, 23900.0], [91292.5, 4200.0], [91310.0, 4200.0], [91320.0, 15330.0], [91330.0, 4200.0], [91350.0, 4200.0], [91360.0, 4220.0], [91380.0, 4200.0], [91392.5, 105000.0], [91397.5, 72050.0], [91417.5, 4200.0], [91430.0, 44070.0], [91432.5, 4220.0]]}}}
{"jsonrpc": "2.0", "method": "subscription", "params": {"channel": "book.BTC-7MAR25.none.20.100ms", "data": {"timestamp": 1741274554765, "change_id": 91310818208, "instrument_name": "BTC-7MAR25", "bids": [[91090.0, 10.0], [91085.0, 1600.0], [91082.5, 9910.0], [91080.0, 10000.0], [91075.0, 120.0], [91072.5, 20000.0], [91070.0, 4780.0], [91067.5, 6000.0], [91055.0, 1600.0], [91052.5, 6000.0], [91040.0, 16180.0], [91030.0, 59530.0], [91020.0, 6000.0], [91007.5, 6000.0], [90997.5, 6000.0], [90995.0, 50.0], [90987.5, 6000.0], [90975.0, 6000.0], [90965.0, 6000.0], [90955.0, 6000.0]], "asks": [[91100.0, 10.0], [91102.5, 6000.0], [91115.0, 4780.0], [91130.0, 120.0], [91132.5, 6000.0], [91135.0, 10000.0], [91137.5, 12960.0], [91142.5, 6040.0], [91150.0, 50000.0], [91152.5, 6000.0], [91160.0, 2000.0], [91162.5, 22510.0], [91187.5, 6000.0], [91190.0, 9120.0], [91207.5, 6000.0], [91215.0, 40.0], [91225.0, 85110.0], [91247.5, 6000.0], [91277.5, 6000.0], [91287.5, 6040.0]]}}}
{"jsonrpc": "2.0", "method": "subscription", "params": {"channel": "book.BTC-14MAR25.none.20.100ms", "data": {"timestamp": 1741274555133, "change_id": 91310819472, "instrument_name": "BTC-14MAR25", "bids": [[91212.5, 4770.0], [91202.5, 6000.0], [91200.0, 20000.0], [91182.5, 4200.0], [91165.0, 4200.0], [91145.0, 4200.0], [91142.5, 20.0], [91135.0, 4200.0], [91130.0, 7650.0], [91125.0, 4200.0], [91115.0, 4200.0], [91100.0, 4200.0], [91090.0, 4200.0], [91077.5, 4200.0], [91075.0, 22600.0], [91070.0, 20.0], [91067.5, 4200.0], [91057.5, 4200.0], [91022.5, 4200.0], [91012.5, 500.0]], "asks": [[91242.5, 8400.0], [91245.0, 120.0], [91250.0, 3950.0], [91252.5, 8400.0], [91255.0, 4770.0], [91262.5, 4200.0], [91265.0, 132130.0], [91267.5, 10000.0], [91282.5, 4200.0], [91287.5, 7190.0], [91290.0, 23900.0], [91292.5, 4200.0], [91305.0, 15090.0], [91310.0, 4200.0], [91320.0, 15330.0], [91330.0, 4200.0], [91350.0, 4200.0], [91360.0, 4220.0], [91380.0, 4200.0], [91392.5, 105000.0]]}}}
{"jsonrpc": "2.0", "method": "subscription", "params": {"channel": "book.BTC-7MAR25.none.20.100ms", "data": {"timestamp": 1741274555130, "change_id": 91310819467, "instrument_name": "BTC-7MAR25", "bids": [[91075.0, 7550.0], [91072.5, 20000.0], [91070.0, 4780.0], [91065.0, 10000.0], [91055.0, 1600.0], [91040.0, 6000.0], [91035.0, 59530.0], [91020.0, 6000.0], [91007.5, 6000.0], [90997.5, 6000.0], [90995.0, 50.0], [90987.5, 6000.0], [90982.5, 60710.0], [90975.0, 6000.0], [90965.0, 6000.0], [90955.0, 6000.0], [90945.0, 6000.0], [90935.0, 6000.0], [90925.0, 6000.0], [90922.5, 40.0]], "asks": [[91082.5, 10.0], [91085.0, 1600.0], [91097.5, 7600.0], [91100.0, 1800.0], [91102.5, 6000.0], [91115.0, 4780.0], [91120.0, 6120.0], [91127.5, 50000.0], [91130.0, 44820.0], [91132.5, 6000.0], [91135.0, 10000.0], [91137.5, 12960.0], [91142.5, 6040.0], [91152.5, 6000.0], [91160.0, 2000.0], [91162.5, 22510.0], [91185.0, 59750.0], [91187.5, 6000.0], [91190.0, 9120.0], [91207.5, 6000.0]]}}}
{"jsonrpc": "2.0", "method": "subscription", "params": {"channel": "book.BTC-7MAR25.none.20.100ms", "data": {"timestamp": 1741274555459, "change_id": 91310821073, "instrument_name": "BTC-7MAR25", "bids": [[91082.5, 10.0], [91077.5, 1600.0], [91065.0, 10000.0], [91062.5, 120.0], [91060.0, 4780.0], [91035.0, 6000.0], [91027.5, 16700.0], [91022.5, 59530.0], [91020.0, 6000.0], [91007.5, 6000.0], [90997.5, 6000.0], [90995.0, 50.0], [90987.5, 6000.0], [90975.0, 6000.0], [90967.5, 60710.0], [90965.0, 6000.0], [90955.0, 6000.0], [90945.0, 6000.0], [90935.0, 6000.0], [90925.0, 6000.0]], "asks": [[91085.0, 1600.0], [91097.5, 7600.0], [91100.0, 4780.0], [91110.0, 50120.0], [91112.5, 44820.0], [91120.0, 6000.0], [91125.0, 10000.0], [91132.5, 6000.0], [91137.5, 12960.0], [91142.5, 6040.0], [91152.5, 6000.0], [91157.5, 59750.0], [91160.0, 2000.0], [91162.5, 22510.0], [91187.5, 6000.0], [91190.0, 9120.0], [91207.5, 6000.0], [91215.0, 40.0], [91225.0, 85110.0], [91227.5, 6000.0]]}}}
{"jsonrpc": "2.0", "method": "subscription", "params": {"channel": "book.BTC-14MAR25.none.20.100ms", "data": {"timestamp": 1741274555448, "change_id": 91310821088, "instrument_name": "BTC-14MAR25", "bids": [[91202.5, 4200.0], [91200.0, 4770.0], [91195.0, 10000.0], [91190.0, 120.0], [91182.5, 4200.0], [91165.0, 4200.0], [91157.5, 24550.0], [91145.0, 4200.0], [91142.5, 20.0], [91135.0, 4200.0], [91130.0, 26490.0], [91125.0, 4200.0], [91120.0, 7650.0], [91115.0, 4200.0], [91100.0, 4200.0], [91090.0, 4200.0], [91077.5, 4200.0], [91075.0, 22600.0], [91070.0, 20.0], [91067.5, 4200.0]], "asks": [[91232.5, 4200.0], [91235.0, 120.0], [91237.5, 4200.0], [91242.5, 4770.0], [91252.5, 4200.0], [91255.0, 10000.0], [91262.5, 4200.0], [91265.0, 132130.0], [91282.5, 4200.0], [91287.5, 20.0], [91290.0, 23900.0], [91292.5, 4200.0], [91305.0, 15090.0], [91310.0, 4200.0], [91320.0, 15330.0], [91330.0, 4200.0], [91350.0, 4200.0], [91360.0, 4220.0], [91380.0, 4200.0], [91392.5, 105000.0]]}}}
{"jsonrpc": "2.0", "method": "subscription", "params": {"channel": "book.BTC-14MAR25.none.20.100ms", "data": {"timestamp": 1741274555784, "change_id": 91310822860, "instrument_name": "BTC-14MAR25", "bids": [[91202.5, 1430.0], [91200.0, 4770.0], [91197.5, 3000.0], [91195.0, 10000.0], [91190.0, 120.0], [91165.0, 4200.0], [91160.0, 7370.0], [91157.5, 24550.0], [91145.0, 4200.0], [91142.5, 20.0], [91135.0, 4200.0], [91130.0, 26490.0], [91125.0, 4200.0], [91120.0, 7650.0], [91115.0, 4200.0], [91100.0, 4200.0], [91090.0, 4200.0], [91077.5, 4200.0], [91075.0, 22600.0], [91070.0, 20.0]], "asks": [[91227.5, 4200.0], [91230.0, 2560.0], [91232.5, 8400.0], [91235.0, 120.0], [91237.5, 4200.0], [91242.5, 4770.0], [91252.5, 4200.0], [91255.0, 10000.0], [91262.5, 4200.0], [91282.5, 4200.0], [91287.5, 20.0], [91290.0, 73900.0], [91292.5, 4200.0], [91295.0, 2000.0], [91305.0, 15090.0], [91310.0, 4200.0], [91320.0, 13330.0], [91330.0, 4200.0], [91350.0, 4200.0], [91360.0, 4220.0]]}}}
{"jsonrpc": "2.0", "method": "subscription", "params": {"channel": "book.BTC-7MAR25.none.20.100ms", "data": {"timestamp": 1741274555795, "change_id": 91310822921, "instrument_name": "BTC-7MAR25", "bids": [[91065.0, 10000.0], [91062.5, 1550.0], [91060.0, 4780.0], [91057.5, 20000.0], [91037.5, 1800.0], [91035.0, 6000.0], [91030.0, 5010.0], [91027.5, 16700.0], [91025.0, 19660.0], [91022.5, 59530.0], [91020.0, 6000.0], [91007.5, 6000.0], [91000.0, 1820.0], [90997.5, 6000.0], [90995.0, 50.0], [90987.5, 6000.0], [90975.0, 6000.0], [90967.5, 60710.0], [90965.0, 6000.0], [90955.0, 6000.0]], "asks": [[91077.5, 6000.0], [91080.0, 7610.0], [91095.0, 3710.0], [91097.5, 1600.0], [91100.0, 10780.0], [91107.5, 15040.0], [91110.0, 56120.0], [91112.5, 44820.0], [91115.0, 32000.0], [91120.0, 6000.0], [91132.5, 6000.0], [91135.0, 2000.0], [91142.5, 6040.0], [91152.5, 6000.0], [91157.5, 59750.0], [91162.5, 22510.0], [91187.5, 6000.0], [91190.0, 9120.0], [91207.5, 6000.0], [91215.0, 40.0]]}}}
{"jsonrpc": "2.0", "method": "subscription", "params": {"channel": "book.BTC-7MAR25.none.20.100ms", "data": {"timestamp": 1741274556078, "change_id": 91310823801, "instrument_name": "BTC-7MAR25", "bids": [[91065.0, 10000.0], [91062.5, 1550.0], [91060.0, 10780.0], [91057.5, 20000.0], [91037.5, 1800.0], [91035.0, 6000.0], [91030.0, 5010.0], [91027.5, 16700.0], [91022.5, 1800.0], [91020.0, 6000.0], [91012.5, 17860.0], [91010.0, 59530.0], [91007.5, 6000.0], [91000.0, 1820.0], [90997.5, 6000.0], [90995.0, 50.0], [90987.5, 6000.0], [90975.0, 6000.0], [90965.0, 66710.0], [90955.0, 6000.0]], "asks": [[91077.5, 480.0], [91080.0, 1610.0], [91087.5, 1430.0], [91090.0, 4780.0], [91095.0, 520.0], [91097.5, 1600.0], [91100.0, 120.0], [91110.0, 56000.0], [91112.5, 44820.0], [91115.0, 32000.0], [91120.0, 6000.0], [91132.5, 6000.0], [91135.0, 2000.0], [91142.5, 6040.0], [91152.5, 6000.0], [91157.5, 59750.0], [91162.5, 22510.0], [91187.5, 6000.0], [91190.0, 9120.0], [91207.5, 6000.0]]}}}
{"jsonrpc": "2.0", "method": "subscription", "params": {"channel": "book.BTC-14MAR25.none.20.100ms", "data": {"timestamp": 1741274556084, "change_id": 91310823809, "instrument_name": "BTC-14MAR25", "bids": [[91200.0, 8970.0], [91197.5, 3000.0], [91195.0, 10000.0], [91190.0, 120.0], [91167.5, 1260.0], [91165.0, 4200.0], [91160.0, 7370.0], [91157.5, 24550.0], [91147.5, 1260.0], [91145.0, 4200.0], [91142.5, 20.0], [91137.5, 1260.0], [91135.0, 4200.0], [91132.5, 7950.0], [91130.0, 26490.0], [91127.5, 1260.0], [91125.0, 4200.0], [91117.5, 1260.0], [91115.0, 6500.0], [91112.5, 7650.0]], "asks": [[91222.5, 1260.0], [91225.0, 5460.0], [91227.5, 4200.0], [91230.0, 2560.0], [91232.5, 8970.0], [91235.0, 5580.0], [91237.5, 4200.0], [91242.5, 3000.0], [91245.0, 10000.0], [91247.5, 50000.0], [91250.0, 49330.0], [91252.5, 4200.0], [91262.5, 4200.0], [91280.0, 15090.0], [91282.5, 4200.0], [91287.5, 20.0], [91290.0, 23900.0], [91292.5, 4200.0], [91295.0, 2000.0], [91310.0, 4200.0]]}}}
{"jsonrpc": "2.0", "method": "subscription", "params": {"channel": "book.BTC-7MAR25.none.20.100ms", "data": {"timestamp": 1741274556440, "change_id": 91310825244, "instrument_name": "BTC-7MAR25", "bids": [[91080.0, 10.0], [91075.0, 6080.0], [91072.5, 19720.0], [91070.0, 1600.0], [91067.5, 3000.0], [91065.0, 10000.0], [91062.5, 120.0], [91060.0, 4780.0], [91055.0, 6000.0], [91045.0, 6000.0], [91035.0, 6000.0], [91030.0, 59530.0], [91027.5, 16700.0], [91020.0, 6000.0], [91007.5, 6000.0], [90997.5, 6000.0], [90995.0, 50.0], [90990.0, 1800.0], [90987.5, 6000.0], [90975.0, 66710.0]], "asks": [[91097.5, 1600.0], [91112.5, 120.0], [91115.0, 10000.0], [91132.5, 6000.0], [91142.5, 6040.0], [91152.5, 6000.0], [91162.5, 6000.0], [91187.5, 56000.0], [91190.0, 9120.0], [91207.5, 6000.0], [91215.0, 40.0], [91222.5, 104570.0], [91225.0, 85110.0], [91227.5, 6000.0], [91247.5, 6000.0], [91277.5, 6000.0], [91287.5, 6040.0], [91307.5, 6000.0], [91315.0, 3530.0], [91317.5, 20120.0]]}}}
{"jsonrpc": "2.0", "method": "subscription", "params": {"channel": "book.BTC-14MAR25.none.20.100ms", "data": {"timestamp": 1741274556400, "change_id": 91310825336, "instrument_name": "BTC-14MAR25", "bids": [[91212.5, 4200.0], [91205.0, 10000.0], [91200.0, 4200.0], [91190.0, 120.0], [91165.0, 4200.0], [91157.5, 24550.0], [91145.0, 4200.0], [91142.5, 20.0], [91135.0, 4200.0], [91130.0, 26490.0], [91125.0, 4200.0], [91117.5, 7650.0], [91115.0, 4200.0], [91100.0, 4200.0], [91090.0, 4200.0], [91077.5, 4200.0], [91075.0, 22600.0], [91070.0, 20.0], [91067.5, 4200.0], [91057.5, 4200.0]], "asks": [[91237.5, 120.0], [91250.0, 49330.0], [91255.0, 50000.0], [91257.5, 10000.0], [91262.5, 4200.0], [91280.0, 15090.0], [91282.5, 4200.0], [91287.5, 20.0], [91292.5, 4200.0], [91310.0, 4200.0], [91320.0, 13330.0], [91330.0, 4200.0], [91350.0, 4200.0], [91360.0, 4220.0], [91380.0, 4200.0], [91392.5, 105000.0], [91397.5, 72050.0], [91417.5, 4200.0], [91430.0, 44070.0], [91432.5, 4220.0]]}}}
{"jsonrpc": "2.0", "method": "subscription", "params": {"channel": "book.BTC-7MAR25.none.20.100ms", "data": {"timestamp": 1741274556770, "change_id": 91310826885, "instrument_name": "BTC-7MAR25", "bids": [[91087.5, 8200.0], [91085.0, 24080.0], [91082.5, 7600.0], [91080.0, 1610.0], [91077.5, 4600.0], [91075.0, 17470.0], [91072.5, 20120.0], [91070.0, 4780.0], [91055.0, 6000.0], [91045.0, 6000.0], [91040.0, 59530.0], [91035.0, 6000.0], [91027.5, 16700.0], [91020.0, 6000.0], [91007.5, 6000.0], [90997.5, 6000.0], [90995.0, 50.0], [90987.5, 66710.0], [90975.0, 6000.0], [90965.0, 6000.0]], "asks": [[91107.5, 7600.0], [91110.0, 1600.0], [91117.5, 4780.0], [91125.0, 50120.0], [91127.5, 44820.0], [91130.0, 10000.0], [91132.5, 6000.0], [91142.5, 6040.0], [91152.5, 6000.0], [91162.5, 6000.0], [91170.0, 59750.0], [91172.5, 22660.0], [91187.5, 6000.0], [91190.0, 9120.0], [91207.5, 6000.0], [91215.0, 40.0], [91225.0, 85110.0], [91227.5, 6000.0], [91247.5, 6000.0], [91277.5, 6000.0]]}}}
{"jsonrpc": "2.0", "method": "subscription", "params": {"channel": "book.BTC-14MAR25.none.20.100ms", "data": {"timestamp": 1741274556698, "change_id": 91310826692, "instrument_name": "BTC-14MAR25", "bids": [[91225.0, 2690.0], [91222.5, 4200.0], [91220.0, 4770.0], [91217.5, 3000.0], [91215.0, 10000.0], [91212.5, 8400.0], [91205.0, 20000.0], [91200.0, 4320.0], [91165.0, 4200.0], [91157.5, 24550.0], [91145.0, 4200.0], [91142.5, 20.0], [91135.0, 4200.0], [91130.0, 26490.0], [91125.0, 4200.0], [91117.5, 7650.0], [91115.0, 4200.0], [91102.5, 14950.0], [91100.0, 4200.0], [91090.0, 4200.0]], "asks": [[91250.0, 53650.0], [91255.0, 50000.0], [91257.5, 10000.0], [91260.0, 4770.0], [91262.5, 4200.0], [91272.5, 4200.0], [91280.0, 15090.0], [91282.5, 4200.0], [91287.5, 20.0], [91292.5, 4200.0], [91302.5, 25050.0], [91310.0, 4200.0], [91320.0, 13330.0], [91330.0, 4200.0], [91350.0, 4200.0], [91360.0, 4220.0], [91380.0, 4200.0], [91392.5, 105000.0], [91397.5, 72050.0], [91417.5, 4200.0]]}}}
{"jsonrpc": "2.0", "method": "subscription", "params": {"channel": "book.BTC-7MAR25.none.20.100ms", "data": {"timestamp": 1741274557079, "change_id": 91310828782, "instrument_name": "BTC-7MAR25", "bids": [[91102.5, 5920.0], [91100.0, 19720.0], [91097.5, 10010.0], [91095.0, 4780.0], [91092.5, 120.0], [91090.0, 28280.0], [91087.5, 6000.0], [91085.0, 1600.0], [91082.5, 1600.0], [91080.0, 1600.0], [91077.5, 7600.0], [91070.0, 16590.0], [91047.5, 59530.0], [91045.0, 6000.0], [91035.0, 6000.0], [91020.0, 6000.0], [91007.5, 6000.0], [91000.0, 60710.0], [90997.5, 6000.0], [90995.0, 50.0]], "asks": [[91130.0, 6000.0], [91132.5, 6380.0], [91135.0, 7600.0], [91137.5, 120.0], [91140.0, 44820.0], [91142.5, 40.0], [91145.0, 10000.0], [91162.5, 6000.0], [91167.5, 66580.0], [91170.0, 59750.0], [91172.5, 6000.0], [91187.5, 6000.0], [91190.0, 11120.0], [91197.5, 6000.0], [91207.5, 6000.0], [91215.0, 40.0], [91225.0, 24330.0], [91227.5, 6000.0], [91247.5, 6000.0], [91275.0, 60780.0]]}}}
{"jsonrpc": "2.0", "method": "subscription", "params": {"channel": "book.BTC-14MAR25.none.20.100ms", "data": {"timestamp": 1741274557068, "change_id": 91310828743, "instrument_name": "BTC-14MAR25", "bids": [[91240.0, 2530.0], [91237.5, 4200.0], [91235.0, 4770.0], [91232.5, 14200.0], [91225.0, 4200.0], [91222.5, 20000.0], [91220.0, 120.0], [91212.5, 4200.0], [91200.0, 4200.0], [91165.0, 4200.0], [91157.5, 24550.0], [91145.0, 4200.0], [91142.5, 20.0], [91135.0, 4200.0], [91130.0, 26490.0], [91125.0, 4200.0], [91122.5, 14950.0], [91115.0, 4200.0], [91100.0, 4200.0], [91090.0, 4200.0]], "asks": [[91265.0, 120.0], [91267.5, 4200.0], [91275.0, 4770.0], [91282.5, 4200.0], [91285.0, 10000.0], [91287.5, 20.0], [91292.5, 4200.0], [91302.5, 50000.0], [91305.0, 25080.0], [91310.0, 4200.0], [91320.0, 13330.0], [91330.0, 4200.0], [91340.0, 4200.0], [91347.5, 2000.0], [91350.0, 4200.0], [91360.0, 4220.0], [91380.0, 4200.0], [91390.0, 15090.0], [91392.5, 105000.0], [91397.5, 72050.0]]}}}
{"jsonrpc": "2.0", "method": "subscription", "params": {"channel": "book.BTC-7MAR25.none.20.100ms", "data": {"timestamp": 1741274557457, "change_id": 91310830277, "instrument_name": "BTC-7MAR25", "bids": [[91100.0, 4440.0], [91097.5, 10010.0], [91095.0, 4780.0], [91092.5, 120.0], [91090.0, 26000.0], [91087.5, 6000.0], [91085.0, 1600.0], [91082.5, 1600.0], [91080.0, 1600.0], [91070.0, 16590.0], [91067.5, 6000.0], [91047.5, 59530.0], [91045.0, 6000.0], [91035.0, 6000.0], [91020.0, 6000.0], [91007.5, 6000.0], [91000.0, 60710.0], [90997.5, 6000.0], [90995.0, 50.0], [90987.5, 6000.0]], "asks": [[91127.5, 1800.0], [91130.0, 6000.0], [91132.5, 6380.0], [91135.0, 7600.0], [91137.5, 50120.0], [91140.0, 44820.0], [91142.5, 40.0], [91145.0, 10000.0], [91150.0, 6000.0], [91152.5, 56720.0], [91162.5, 6000.0], [91165.0, 16600.0], [91170.0, 59750.0], [91172.5, 6000.0], [91187.5, 6000.0], [91190.0, 11120.0], [91197.5, 6000.0], [91207.5, 6000.0], [91215.0, 40.0], [91225.0, 24330.0]]}}}
{"jsonrpc": "2.0", "method": "subscription", "params": {"channel": "book.BTC-14MAR25.none.20.100ms", "data": {"timestamp": 1741274557435, "change_id": 91310830242, "instrument_name": "BTC-14MAR25", "bids": [[91240.0, 1260.0], [91235.0, 7770.0], [91232.5, 10000.0], [91227.5, 1260.0], [91225.0, 10240.0], [91222.5, 20000.0], [91220.0, 120.0], [91215.0, 1260.0], [91212.5, 4200.0], [91205.0, 8590.0], [91202.5, 24420.0], [91167.5, 1260.0], [91165.0, 4200.0], [91147.5, 1260.0], [91145.0, 4200.0], [91142.5, 20.0], [91137.5, 1260.0], [91135.0, 4200.0], [91132.5, 7950.0], [91130.0, 26490.0]], "asks": [[91265.0, 4320.0], [91272.5, 1430.0], [91275.0, 36810.0], [91277.5, 50000.0], [91280.0, 61060.0], [91282.5, 4200.0], [91285.0, 10000.0], [91287.5, 20.0], [91290.0, 1260.0], [91292.5, 4200.0], [91302.5, 7520.0], [91305.0, 25080.0], [91307.5, 1260.0], [91310.0, 4200.0], [91320.0, 13330.0], [91340.0, 4200.0], [91347.5, 2000.0], [91350.0, 4200.0], [91360.0, 4220.0], [91380.0, 4200.0]]}}}
{"jsonrpc": "2.0", "method": "subscription", "params": {"channel": "book.BTC-7MAR25.none.20.100ms", "data": {"timestamp": 1741274557735, "change_id": 91310831025, "instrument_name": "BTC-7MAR25", "bids": [[91102.5, 120.0], [91100.0, 4440.0], [91097.5, 10010.0], [91095.0, 4780.0], [91090.0, 26000.0], [91087.5, 6000.0], [91085.0, 1600.0], [91077.5, 4770.0], [91075.0, 15910.0], [91070.0, 1800.0], [91067.5, 6000.0], [91052.5, 59530.0], [91045.0, 6000.0], [91035.0, 6000.0], [91020.0, 6000.0], [91007.5, 6000.0], [91002.5, 60710.0], [91000.0, 1820.0], [90997.5, 6000.0], [90995.0, 50.0]], "asks": [[91117.5, 7600.0], [91120.0, 3400.0], [91122.5, 6000.0], [91130.0, 2390.0], [91132.5, 6380.0], [91135.0, 1600.0], [91137.5, 120.0], [91140.0, 18010.0], [91142.5, 50040.0], [91145.0, 10000.0], [91150.0, 6000.0], [91152.5, 56720.0], [91162.5, 6000.0], [91165.0, 16600.0], [91167.5, 44820.0], [91170.0, 59750.0], [91172.5, 6000.0], [91187.5, 6000.0], [91190.0, 11120.0], [91197.5, 6000.0]]}}}
{"jsonrpc": "2.0", "method": "subscription", "params": {"channel": "book.BTC-14MAR25.none.20.100ms", "data": {"timestamp": 1741274557597, "change_id": 91310830680, "instrument_name": "BTC-14MAR25", "bids": [[91240.0, 1260.0], [91235.0, 7770.0], [91232.5, 10000.0], [91227.5, 1260.0], [91225.0, 10240.0], [91222.5, 20000.0], [91220.0, 120.0], [91215.0, 1260.0], [91212.5, 4200.0], [91202.5, 24510.0], [91167.5, 1260.0], [91165.0, 4200.0], [91147.5, 1260.0], [91145.0, 4200.0], [91142.5, 20.0], [91137.5, 1260.0], [91135.0, 4200.0], [91132.5, 7950.0], [91130.0, 26490.0], [91127.5, 1260.0]], "asks": [[91262.5, 4200.0], [91265.0, 4320.0], [91272.5, 1430.0], [91275.0, 36810.0], [91277.5, 50000.0], [91280.0, 61060.0], [91282.5, 4200.0], [91285.0, 10000.0], [91287.5, 20.0], [91290.0, 1260.0], [91292.5, 4200.0], [91302.5, 7520.0], [91305.0, 25080.0], [91307.5, 1260.0], [91310.0, 4200.0], [91317.5, 4000.0], [91320.0, 13330.0], [91337.5, 1260.0], [91340.0, 4200.0], [91345.0, 1860.0]]}}}
{"jsonrpc": "2.0", "method": "subscription", "params": {"channel": "book.BTC-7MAR25.none.20.100ms", "data": {"timestamp": 1741274558097, "change_id": 91310831849, "instrument_name": "BTC-7MAR25", "bids": [[91107.5, 10.0], [91102.5, 120.0], [91100.0, 4440.0], [91097.5, 10000.0], [91095.0, 4780.0], [91092.5, 7800.0], [91090.0, 28280.0], [91087.5, 6000.0], [91085.0, 1600.0], [91077.5, 10770.0], [91075.0, 15910.0], [91070.0, 1800.0], [91067.5, 6000.0], [91055.0, 17860.0], [91052.5, 59530.0], [91047.5, 1800.0], [91045.0, 6000.0], [91037.5, 1800.0], [91035.0, 6000.0], [91022.5, 1800.0]], "asks": [[91110.0, 1600.0], [91130.0, 2390.0], [91132.5, 4780.0], [91135.0, 1600.0], [91137.5, 120.0], [91142.5, 3040.0], [91145.0, 10000.0], [91147.5, 16580.0], [91150.0, 73020.0], [91152.5, 56720.0], [91160.0, 6780.0], [91162.5, 6000.0], [91165.0, 47970.0], [91167.5, 44820.0], [91170.0, 61550.0], [91172.5, 6000.0], [91185.0, 5140.0], [91187.5, 6000.0], [91190.0, 11120.0], [91195.0, 1800.0]]}}}
{"jsonrpc": "2.0", "method": "subscription", "params": {"channel": "book.BTC-14MAR25.none.20.100ms", "data": {"timestamp": 1741274558114, "change_id": 91310831887, "instrument_name": "BTC-14MAR25", "bids": [[91240.0, 5630.0], [91235.0, 7770.0], [91232.5, 10000.0], [91230.0, 1260.0], [91227.5, 4200.0], [91225.0, 6040.0], [91222.5, 20000.0], [91220.0, 120.0], [91215.0, 1260.0], [91212.5, 4200.0], [91205.0, 7350.0], [91202.5, 24510.0], [91167.5, 1260.0], [91165.0, 4200.0], [91147.5, 1260.0], [91145.0, 4200.0], [91142.5, 20.0], [91137.5, 1260.0], [91135.0, 4200.0], [91132.5, 7950.0]], "asks": [[91262.5, 1300.0], [91265.0, 4320.0], [91272.5, 1430.0], [91275.0, 36810.0], [91277.5, 50000.0], [91280.0, 61060.0], [91282.5, 4200.0], [91285.0, 10000.0], [91287.5, 20.0], [91290.0, 1260.0], [91292.5, 4200.0], [91302.5, 7520.0], [91305.0, 25080.0], [91307.5, 1260.0], [91310.0, 4200.0], [91317.5, 4000.0], [91320.0, 13330.0], [91337.5, 1260.0], [91340.0, 4200.0], [91345.0, 1860.0]]}}}
{"jsonrpc": "2.0", "method": "subscription", "params": {"channel": "book.BTC-7MAR25.none.20.100ms", "data": {"timestamp": 1741274558437, "change_id": 91310832762, "instrument_name": "BTC-7MAR25", "bids": [[91107.5, 10.0], [91102.5, 120.0], [91100.0, 4440.0], [91097.5, 10000.0], [91095.0, 4780.0], [91092.5, 7800.0], [91090.0, 28280.0], [91087.5, 6000.0], [91085.0, 1600.0], [91077.5, 10770.0], [91075.0, 15910.0], [91070.0, 1800.0], [91067.5, 6000.0], [91057.5, 27020.0], [91055.0, 44510.0], [91047.5, 1800.0], [91045.0, 6000.0], [91037.5, 1800.0], [91035.0, 6000.0], [91022.5, 1800.0]], "asks": [[91110.0, 1610.0], [91132.5, 480.0], [91135.0, 1600.0], [91137.5, 1920.0], [91140.0, 6000.0], [91142.5, 16110.0], [91145.0, 54820.0], [91147.5, 16580.0], [91150.0, 56000.0], [91160.0, 1800.0], [91162.5, 6000.0], [91165.0, 17930.0], [91170.0, 61550.0], [91172.5, 6000.0], [91185.0, 5140.0], [91187.5, 6000.0], [91190.0, 11120.0], [91195.0, 1800.0], [91197.5, 6000.0], [91205.0, 1800.0]]}}}
{"jsonrpc": "2.0", "method": "subscription", "params": {"channel": "book.BTC-14MAR25.none.20.100ms", "data": {"timestamp": 1741274558444, "change_id": 91310832796, "instrument_name": "BTC-14MAR25", "bids": [[91235.0, 7770.0], [91232.5, 10000.0], [91225.0, 6040.0], [91222.5, 20000.0], [91220.0, 120.0], [91215.0, 1260.0], [91212.5, 4200.0], [91202.5, 24510.0], [91167.5, 1260.0], [91165.0, 4200.0], [91147.5, 1260.0], [91145.0, 4200.0], [91142.5, 20.0], [91135.0, 4200.0], [91130.0, 26490.0], [91125.0, 4200.0], [91122.5, 14950.0], [91115.0, 4200.0], [91100.0, 4200.0], [91090.0, 4200.0]], "asks": [[91265.0, 4320.0], [91277.5, 4770.0], [91280.0, 4260.0], [91282.5, 4200.0], [91285.0, 10000.0], [91287.5, 20.0], [91292.5, 4200.0], [91307.5, 1260.0], [91310.0, 4200.0], [91315.0, 50000.0], [91320.0, 13330.0], [91337.5, 1260.0], [91340.0, 4200.0], [91345.0, 1860.0], [91347.5, 2000.0], [91350.0, 4200.0], [91360.0, 4220.0], [91380.0, 4200.0], [91390.0, 15090.0], [91392.5, 105000.0]]}}}
{"jsonrpc": "2.0", "method": "subscription", "params": {"channel": "book.BTC-7MAR25.none.20.100ms", "data": {"timestamp": 1741274558768, "change_id": 91310834156, "instrument_name": "BTC-7MAR25", "bids": [[91102.5, 120.0], [91097.5, 10000.0], [91085.0, 4780.0], [91080.0, 16560.0], [91067.5, 6000.0], [91047.5, 59530.0], [91045.0, 6000.0], [91035.0, 6000.0], [91020.0, 6000.0], [91007.5, 6000.0], [91000.0, 60710.0], [90997.5, 6000.0], [90995.0, 50.0], [90987.5, 6000.0], [90975.0, 6000.0], [90965.0, 6000.0], [90955.0, 6000.0], [90945.0, 6000.0], [90935.0, 6000.0], [90925.0, 6000.0]], "asks": [[91105.0, 10.0], [91107.5, 1600.0], [91120.0, 4780.0], [91135.0, 1600.0], [91137.5, 120.0], [91140.0, 6000.0], [91142.5, 50040.0], [91145.0, 54820.0], [91150.0, 6000.0], [91162.5, 6000.0], [91165.0, 16800.0], [91170.0, 59750.0], [91172.5, 6000.0], [91187.5, 6000.0], [91190.0, 11120.0], [91197.5, 6000.0], [91207.5, 6000.0], [91215.0, 40.0], [91225.0, 24330.0], [91227.5, 6000.0]]}}}
{"jsonrpc": "2.0", "method": "subscription", "params": {"channel": "book.BTC-14MAR25.none.20.100ms", "data": {"timestamp": 1741274558674, "change_id": 91310833852, "instrument_name": "BTC-14MAR25", "bids": [[91232.5, 10000.0], [91225.0, 4770.0], [91217.5, 120.0], [91212.5, 4200.0], [91197.5, 24710.0], [91165.0, 4200.0], [91145.0, 4200.0], [91142.5, 20.0], [91135.0, 4200.0], [91130.0, 26490.0], [91125.0, 4200.0], [91122.5, 14950.0], [91115.0, 4200.0], [91100.0, 4200.0], [91090.0, 4200.0], [91077.5, 4200.0], [91075.0, 22600.0], [91070.0, 20.0], [91067.5, 4200.0], [91057.5, 4200.0]], "asks": [[91265.0, 13290.0], [91282.5, 4200.0], [91285.0, 10000.0], [91287.5, 20.0], [91292.5, 4200.0], [91302.5, 50000.0], [91305.0, 24490.0], [91310.0, 4200.0], [91320.0, 13330.0], [91340.0, 4200.0], [91347.5, 2000.0], [91350.0, 4200.0], [91360.0, 4220.0], [91380.0, 4200.0], [91390.0, 15090.0], [91392.5, 105000.0], [91397.5, 72050.0], [91417.5, 4200.0], [91430.0, 44070.0], [91432.5, 4220.0]]}}}
{"jsonrpc": "2.0", "method": "subscription", "params": {"channel": "book.BTC-7MAR25.none.20.100ms", "data": {"timestamp": 1741274558912, "change_id": 91310836083, "instrument_name": "BTC-7MAR25", "bids": [[91085.0, 10000.0], [91070.0, 1550.0], [91067.5, 4780.0], [91045.0, 6000.0], [91040.0, 24470.0], [91037.5, 75560.0], [91035.0, 6000.0], [91020.0, 6000.0], [91007.5, 6000.0], [90997.5, 6000.0], [90995.0, 50.0], [90987.5, 6000.0], [90975.0, 6000.0], [90965.0, 6000.0], [90955.0, 6000.0], [90945.0, 6000.0], [90935.0, 6000.0], [90925.0, 6000.0], [90922.5, 40.0], [90915.0, 6000.0]], "asks": [[91092.5, 10.0], [91095.0, 2280.0], [91097.5, 7600.0], [91105.0, 4780.0], [91112.5, 6000.0], [91125.0, 6120.0], [91132.5, 54820.0], [91135.0, 1600.0], [91140.0, 56000.0], [91142.5, 40.0], [91150.0, 6000.0], [91162.5, 6000.0], [91165.0, 18800.0], [91170.0, 59750.0], [91172.5, 6000.0], [91187.5, 6000.0], [91190.0, 9120.0], [91197.5, 6000.0], [91207.5, 6000.0], [91215.0, 40.0]]}}}
{"jsonrpc": "2.0", "method": "subscription", "params": {"channel": "book.BTC-14MAR25.none.20.100ms", "data": {"timestamp": 1741274559062, "change_id": 91310836086, "instrument_name": "BTC-14MAR25", "bids": [[91217.5, 10000.0], [91210.0, 1470.0], [91207.5, 4770.0], [91205.0, 120.0], [91197.5, 4200.0], [91167.5, 25130.0], [91165.0, 4200.0], [91145.0, 4200.0], [91142.5, 20.0], [91137.5, 1260.0], [91135.0, 4200.0], [91132.5, 7950.0], [91130.0, 26490.0], [91125.0, 4200.0], [91115.0, 4200.0], [91102.5, 14950.0], [91100.0, 4200.0], [91090.0, 4200.0], [91077.5, 4200.0], [91075.0, 22600.0]], "asks": [[91237.5, 4200.0], [91240.0, 1260.0], [91242.5, 4200.0], [91245.0, 2640.0], [91247.5, 13170.0], [91262.5, 5520.0], [91265.0, 14200.0], [91282.5, 4200.0], [91285.0, 50000.0], [91287.5, 41570.0], [91292.5, 4200.0], [91302.5, 15090.0], [91305.0, 24490.0], [91310.0, 4200.0], [91320.0, 13330.0], [91322.5, 2000.0], [91340.0, 4200.0], [91350.0, 4200.0], [91360.0, 4220.0], [91380.0, 4200.0]]}}}
{"jsonrpc": "2.0", "method": "subscription", "params": {"channel": "book.BTC-7MAR25.none.20.100ms", "data": {"timestamp": 1741274559421, "change_id": 91310837727, "instrument_name": "BTC-7MAR25", "bids": [[91085.0, 10.0], [91082.5, 480.0], [91080.0, 1600.0], [91077.5, 1600.0], [91075.0, 1600.0], [91072.5, 10000.0], [91067.5, 4780.0], [91065.0, 120.0], [91062.5, 20000.0], [91045.0, 6000.0], [91037.5, 16030.0], [91035.0, 6000.0], [91022.5, 59530.0], [91007.5, 6000.0], [90997.5, 6000.0], [90995.0, 50.0], [90987.5, 6000.0], [90975.0, 6000.0], [90965.0, 6000.0], [90955.0, 6000.0]], "asks": [[91087.5, 1600.0], [91102.5, 1430.0], [91105.0, 4780.0], [91122.5, 54820.0], [91125.0, 56120.0], [91140.0, 6000.0], [91142.5, 40.0], [91162.5, 6000.0], [91165.0, 18800.0], [91170.0, 59750.0], [91172.5, 6000.0], [91187.5, 6000.0], [91190.0, 9120.0], [91197.5, 6000.0], [91207.5, 6000.0], [91215.0, 40.0], [91225.0, 24330.0], [91227.5, 6000.0], [91247.5, 6000.0], [91275.0, 60780.0]]}}}
{"jsonrpc": "2.0", "method": "subscription", "params": {"channel": "book.BTC-14MAR25.none.20.100ms", "data": {"timestamp": 1741274559421, "change_id": 91310837726, "instrument_name": "BTC-14MAR25", "bids": [[91215.0, 1740.0], [91212.5, 4200.0], [91210.0, 8630.0], [91207.5, 4770.0], [91205.0, 10000.0], [91192.5, 1380.0], [91190.0, 4200.0], [91170.0, 8800.0], [91167.5, 25130.0], [91165.0, 4200.0], [91147.5, 1260.0], [91145.0, 4200.0], [91142.5, 20.0], [91137.5, 1260.0], [91135.0, 4200.0], [91132.5, 7950.0], [91130.0, 26490.0], [91125.0, 4200.0], [91115.0, 4200.0], [91102.5, 14950.0]], "asks": [[91242.5, 4200.0], [91245.0, 1550.0], [91247.5, 4770.0], [91255.0, 4200.0], [91262.5, 4260.0], [91265.0, 14200.0], [91282.5, 4200.0], [91285.0, 50000.0], [91287.5, 41570.0], [91292.5, 4200.0], [91302.5, 15090.0], [91305.0, 24490.0], [91310.0, 4200.0], [91320.0, 13330.0], [91322.5, 2000.0], [91340.0, 4200.0], [91350.0, 4200.0], [91360.0, 4220.0], [91380.0, 4200.0], [91392.5, 105000.0]]}}}
{"jsonrpc": "2.0", "method": "subscription", "params": {"channel": "book.BTC-14MAR25.none.20.100ms", "data": {"timestamp": 1741274559747, "change_id": 91310838905, "instrument_name": "BTC-14MAR25", "bids": [[91215.0, 1260.0], [91210.0, 8630.0], [91207.5, 4770.0], [91205.0, 10000.0], [91192.5, 1380.0], [91190.0, 4200.0], [91170.0, 8800.0], [91167.5, 25130.0], [91165.0, 4200.0], [91147.5, 1260.0], [91145.0, 4200.0], [91142.5, 20.0], [91137.5, 1260.0], [91135.0, 4200.0], [91132.5, 7950.0], [91130.0, 26490.0], [91117.5, 1260.0], [91115.0, 4200.0], [91105.0, 5750.0], [91102.5, 14950.0]], "asks": [[91242.5, 4200.0], [91245.0, 1550.0], [91247.5, 4770.0], [91252.5, 1260.0], [91255.0, 4200.0], [91262.5, 4260.0], [91265.0, 14200.0], [91282.5, 19200.0], [91285.0, 50000.0], [91287.5, 20.0], [91292.5, 4200.0], [91302.5, 15090.0], [91305.0, 24490.0], [91310.0, 4200.0], [91320.0, 13330.0], [91322.5, 2000.0], [91350.0, 4200.0], [91360.0, 4220.0], [91380.0, 4200.0], [91392.5, 105000.0]]}}}
{"jsonrpc": "2.0", "method": "subscription", "params": {"channel": "book.BTC-7MAR25.none.20.100ms", "data": {"timestamp": 1741274559680, "change_id": 91310838705, "instrument_name": "BTC-7MAR25", "bids": [[91085.0, 10.0], [91082.5, 480.0], [91080.0, 2560.0], [91077.5, 1600.0], [91075.0, 4600.0], [91072.5, 10000.0], [91070.0, 1470.0], [91067.5, 4780.0], [91065.0, 6120.0], [91062.5, 20000.0], [91045.0, 6000.0], [91037.5, 16030.0], [91035.0, 6000.0], [91022.5, 59530.0], [91007.5, 6000.0], [90997.5, 6000.0], [90995.0, 50.0], [90987.5, 6000.0], [90975.0, 6000.0], [90965.0, 6000.0]], "asks": [[91087.5, 1600.0], [91102.5, 1430.0], [91105.0, 4780.0], [91120.0, 33280.0], [91122.5, 54820.0], [91125.0, 56120.0], [91137.5, 1800.0], [91140.0, 6000.0], [91142.5, 40.0], [91162.5, 6000.0], [91165.0, 18800.0], [91167.5, 17930.0], [91170.0, 59750.0], [91172.5, 6000.0], [91187.5, 6000.0], [91190.0, 9120.0], [91197.5, 6000.0], [91207.5, 6000.0], [91215.0, 40.0], [91225.0, 24330.0]]}}}
{"jsonrpc": "2.0", "method": "subscription", "params": {"channel": "book.BTC-14MAR25.none.20.100ms", "data": {"timestamp": 1741274560100, "change_id": 91310840174, "instrument_name": "BTC-14MAR25", "bids": [[91195.0, 9720.0], [91192.5, 10000.0], [91190.0, 28400.0], [91185.0, 120.0], [91170.0, 8800.0], [91167.5, 25130.0], [91165.0, 4200.0], [91145.0, 4200.0], [91142.5, 20.0], [91135.0, 4200.0], [91130.0, 26490.0], [91115.0, 4200.0], [91105.0, 14950.0], [91100.0, 4200.0], [91090.0, 4200.0], [91077.5, 4200.0], [91075.0, 22600.0], [91070.0, 20.0], [91067.5, 4200.0], [91057.5, 4200.0]], "asks": [[91237.5, 4200.0], [91240.0, 2560.0], [91242.5, 8400.0], [91245.0, 120.0], [91247.5, 4770.0], [91255.0, 4200.0], [91265.0, 14200.0], [91282.5, 4200.0], [91287.5, 20.0], [91290.0, 1260.0], [91292.5, 4200.0], [91295.0, 50000.0], [91302.5, 15090.0], [91310.0, 4200.0], [91320.0, 13330.0], [91322.5, 2000.0], [91350.0, 4200.0], [91360.0, 4220.0], [91380.0, 4200.0], [91392.5, 105000.0]]}}}
{"jsonrpc": "2.0", "method": "subscription", "params": {"channel": "book.BTC-7MAR25.none.20.100ms", "data": {"timestamp": 1741274560101, "change_id": 91310840183, "instrument_name": "BTC-7MAR25", "bids": [[91070.0, 10.0], [91065.0, 9040.0], [91062.5, 20120.0], [91060.0, 10000.0], [91040.0, 6610.0], [91037.5, 16030.0], [91035.0, 6000.0], [91032.5, 17860.0], [91030.0, 59530.0], [91027.5, 1800.0], [91025.0, 6000.0], [91007.5, 6000.0], [91000.0, 1820.0], [90997.5, 6000.0], [90995.0, 50.0], [90990.0, 1800.0], [90987.5, 6000.0], [90977.5, 60710.0], [90975.0, 6000.0], [90965.0, 6000.0]], "asks": [[91082.5, 1610.0], [91087.5, 1600.0], [91102.5, 1430.0], [91105.0, 4780.0], [91112.5, 6000.0], [91120.0, 50000.0], [91122.5, 54820.0], [91125.0, 6120.0], [91137.5, 1800.0], [91140.0, 6000.0], [91142.5, 40.0], [91162.5, 6000.0], [91165.0, 2000.0], [91170.0, 61550.0], [91172.5, 6000.0], [91187.5, 6000.0], [91190.0, 9120.0], [91197.5, 6000.0], [91207.5, 6000.0], [91215.0, 40.0]]}}}
{"jsonrpc": "2.0", "method": "subscription", "params": {"channel": "book.BTC-14MAR25.none.20.100ms", "data": {"timestamp": 1741274560372, "change_id": 91310841788, "instrument_name": "BTC-14MAR25", "bids": [[91202.5, 4770.0], [91192.5, 10000.0], [91185.0, 120.0], [91170.0, 24500.0], [91165.0, 4200.0], [91145.0, 4200.0], [91142.5, 20.0], [91135.0, 4200.0], [91130.0, 26490.0], [91125.0, 4200.0], [91120.0, 7650.0], [91115.0, 4200.0], [91100.0, 4200.0], [91097.5, 14950.0], [91090.0, 4200.0], [91077.5, 4200.0], [91075.0, 22600.0], [91070.0, 20.0], [91067.5, 4200.0], [91057.5, 4200.0]], "asks": [[91227.5, 8400.0], [91235.0, 120.0], [91237.5, 8400.0], [91255.0, 14200.0], [91260.0, 50000.0], [91262.5, 38260.0], [91265.0, 4200.0], [91282.5, 28630.0], [91287.5, 20.0], [91290.0, 15090.0], [91292.5, 4200.0], [91310.0, 4200.0], [91320.0, 13330.0], [91350.0, 4200.0], [91360.0, 4220.0], [91380.0, 4200.0], [91392.5, 105000.0], [91397.5, 72050.0], [91417.5, 4200.0], [91430.0, 44070.0]]}}}
{"jsonrpc": "2.0", "method": "subscription", "params": {"channel": "book.BTC-7MAR25.none.20.100ms", "data": {"timestamp": 1741274560428, "change_id": 91310841790, "instrument_name": "BTC-7MAR25", "bids": [[91062.5, 34720.0], [91060.0, 10000.0], [91050.0, 16170.0], [91027.5, 59530.0], [91025.0, 6000.0], [91007.5, 6000.0], [90997.5, 6000.0], [90995.0, 50.0], [90987.5, 6000.0], [90977.5, 60710.0], [90975.0, 6000.0], [90965.0, 6000.0], [90955.0, 6000.0], [90945.0, 6000.0], [90935.0, 6000.0], [90925.0, 6000.0], [90922.5, 40.0], [90915.0, 6000.0], [90905.0, 6000.0], [90902.5, 61780.0]], "asks": [[91065.0, 1600.0], [91077.5, 6000.0], [91102.5, 6000.0], [91112.5, 16120.0], [91120.0, 50000.0], [91122.5, 44820.0], [91125.0, 6000.0], [91137.5, 16000.0], [91140.0, 6000.0], [91142.5, 40.0], [91162.5, 6000.0], [91165.0, 2000.0], [91170.0, 59750.0], [91172.5, 6000.0], [91187.5, 6000.0], [91190.0, 9120.0], [91197.5, 6000.0], [91207.5, 6000.0], [91215.0, 40.0], [91225.0, 24330.0]]}}}
{"jsonrpc": "2.0", "method": "subscription", "params": {"channel": "book.BTC-14MAR25.none.20.100ms", "data": {"timestamp": 1741274560758, "change_id": 91310843409, "instrument_name": "BTC-14MAR25", "bids": [[91190.0, 4770.0], [91182.5, 3000.0], [91180.0, 10000.0], [91170.0, 120.0], [91165.0, 4200.0], [91145.0, 4200.0], [91142.5, 20.0], [91135.0, 4200.0], [91130.0, 26490.0], [91125.0, 4200.0], [91120.0, 7650.0], [91115.0, 4200.0], [91100.0, 4200.0], [91097.5, 14950.0], [91090.0, 4200.0], [91077.5, 4200.0], [91075.0, 22600.0], [91070.0, 20.0], [91067.5, 4200.0], [91057.5, 4200.0]], "asks": [[91217.5, 4200.0], [91220.0, 1300.0], [91222.5, 4200.0], [91225.0, 120.0], [91227.5, 4200.0], [91230.0, 4770.0], [91237.5, 4200.0], [91245.0, 10000.0], [91255.0, 4200.0], [91260.0, 50000.0], [91262.5, 38260.0], [91265.0, 4200.0], [91282.5, 28630.0], [91287.5, 20.0], [91290.0, 15090.0], [91292.5, 4200.0], [91297.5, 2000.0], [91310.0, 4200.0], [91320.0, 13330.0], [91350.0, 4200.0]]}}}
{"jsonrpc": "2.0", "method": "subscription", "params": {"channel": "book.BTC-7MAR25.none.20.100ms", "data": {"timestamp": 1741274560681, "change_id": 91310843298, "instrument_name": "BTC-7MAR25", "bids": [[91052.5, 1430.0], [91050.0, 7900.0], [91047.5, 10000.0], [91025.0, 1800.0], [91022.5, 6000.0], [91010.0, 1800.0], [91007.5, 6000.0], [91005.0, 4510.0], [91002.5, 15020.0], [91000.0, 1820.0], [90997.5, 6000.0], [90995.0, 50.0], [90990.0, 1800.0], [90987.5, 6000.0], [90977.5, 1800.0], [90975.0, 6000.0], [90967.5, 1800.0], [90965.0, 6000.0], [90957.5, 1800.0], [90955.0, 6000.0]], "asks": [[91057.5, 10.0], [91062.5, 10.0], [91065.0, 1600.0], [91080.0, 1800.0], [91082.5, 6000.0], [91087.5, 4780.0], [91092.5, 6000.0], [91097.5, 94820.0], [91100.0, 120.0], [91102.5, 16000.0], [91112.5, 6000.0], [91125.0, 6000.0], [91135.0, 25130.0], [91137.5, 16000.0], [91140.0, 67750.0], [91142.5, 40.0], [91162.5, 6000.0], [91172.5, 6000.0], [91187.5, 6000.0], [91190.0, 9120.0]]}}}
{"jsonrpc": "2.0", "method": "subscription", "params": {"channel": "book.BTC-7MAR25.none.20.100ms", "data": {"timestamp": 1741274561063, "change_id": 91310844437, "instrument_name": "BTC-7MAR25", "bids": [[91062.5, 10.0], [91060.0, 1600.0], [91055.0, 19720.0], [91050.0, 4900.0], [91047.5, 10000.0], [91032.5, 16250.0], [91022.5, 6000.0], [91010.0, 1800.0], [91007.5, 6000.0], [91002.5, 15020.0], [90997.5, 6000.0], [90995.0, 50.0], [90987.5, 6000.0], [90975.0, 6000.0], [90965.0, 6000.0], [90957.5, 1800.0], [90955.0, 6000.0], [90945.0, 6000.0], [90935.0, 6000.0], [90927.5, 1800.0]], "asks": [[91065.0, 1600.0], [91087.5, 4780.0], [91097.5, 94820.0], [91100.0, 120.0], [91102.5, 16000.0], [91112.5, 6000.0], [91125.0, 6000.0], [91137.5, 16000.0], [91140.0, 67750.0], [91142.5, 40.0], [91162.5, 6000.0], [91172.5, 6000.0], [91187.5, 6000.0], [91190.0, 9120.0], [91197.5, 6000.0], [91207.5, 6000.0], [91210.0, 60780.0], [91215.0, 40.0], [91225.0, 24330.0], [91227.5, 6000.0]]}}}
{"jsonrpc": "2.0", "method": "subscription", "params": {"channel": "book.BTC-14MAR25.none.20.100ms", "data": {"timestamp": 1741274561013, "change_id": 91310844168, "instrument_name": "BTC-14MAR25", "bids": [[91192.5, 4200.0], [91190.0, 4770.0], [91180.0, 10000.0], [91170.0, 120.0], [91167.5, 1260.0], [91165.0, 4200.0], [91150.0, 24630.0], [91147.5, 1260.0], [91145.0, 4200.0], [91142.5, 20.0], [91137.5, 1260.0], [91135.0, 4200.0], [91132.5, 7950.0], [91130.0, 26490.0], [91125.0, 4200.0], [91117.5, 1260.0], [91115.0, 4200.0], [91102.5, 3560.0], [91100.0, 11850.0], [91090.0, 4200.0]], "asks": [[91217.5, 4200.0], [91225.0, 120.0], [91227.5, 1430.0], [91230.0, 4770.0], [91232.5, 10000.0], [91235.0, 1260.0], [91237.5, 4200.0], [91255.0, 4200.0], [91260.0, 50000.0], [91262.5, 38260.0], [91265.0, 4200.0], [91280.0, 15090.0], [91282.5, 28630.0], [91287.5, 20.0], [91292.5, 4200.0], [91297.5, 2000.0], [91310.0, 4200.0], [91320.0, 13330.0], [91340.0, 22760.0], [91350.0, 4200.0]]}}}
{"jsonrpc": "2.0", "method": "subscription", "params": {"channel": "book.BTC-14MAR25.none.20.100ms", "data": {"timestamp": 1741274561415, "change_id": 91310845623, "instrument_name": "BTC-14MAR25", "bids": [[91195.0, 8400.0], [91190.0, 14770.0], [91187.5, 20000.0], [91182.5, 4200.0], [91180.0, 120.0], [91165.0, 4200.0], [91150.0, 24630.0], [91145.0, 4200.0], [91142.5, 20.0], [91135.0, 4200.0], [91130.0, 26490.0], [91125.0, 4200.0], [91115.0, 4200.0], [91100.0, 4200.0], [91090.0, 4200.0], [91077.5, 4200.0], [91075.0, 22600.0], [91070.0, 20.0], [91067.5, 4200.0], [91057.5, 4200.0]], "asks": [[91245.0, 8400.0], [91247.5, 10000.0], [91255.0, 4200.0], [91260.0, 50000.0], [91265.0, 4200.0], [91280.0, 15090.0], [91282.5, 28630.0], [91287.5, 20.0], [91292.5, 4200.0], [91310.0, 4200.0], [91320.0, 13330.0], [91340.0, 22760.0], [91350.0, 4200.0], [91360.0, 4220.0], [91380.0, 4200.0], [91392.5, 105000.0], [91397.5, 49290.0], [91417.5, 4200.0], [91430.0, 44070.0], [91432.5, 4220.0]]}}}
{"jsonrpc": "2.0", "method": "subscription", "params": {"channel": "book.BTC-7MAR25.none.20.100ms", "data": {"timestamp": 1741274561424, "change_id": 91310845653, "instrument_name": "BTC-7MAR25", "bids": [[91080.0, 10.0], [91077.5, 480.0], [91075.0, 1600.0], [91072.5, 480.0], [91070.0, 1600.0], [91067.5, 3390.0], [91065.0, 13800.0], [91062.5, 6000.0], [91060.0, 3120.0], [91057.5, 10000.0], [91052.5, 1470.0], [91050.0, 4780.0], [91042.5, 6000.0], [91035.0, 4880.0], [91032.5, 16250.0], [91025.0, 44510.0], [91022.5, 6000.0], [91007.5, 6000.0], [90997.5, 6000.0], [90995.0, 50.0]], "asks": [[91082.5, 1600.0], [91107.5, 15000.0], [91110.0, 50000.0], [91112.5, 6120.0], [91115.0, 10000.0], [91122.5, 44820.0], [91125.0, 6000.0], [91140.0, 65750.0], [91142.5, 40.0], [91157.5, 16580.0], [91162.5, 6000.0], [91172.5, 6000.0], [91187.5, 6000.0], [91190.0, 9120.0], [91197.5, 6000.0], [91207.5, 6000.0], [91210.0, 60780.0], [91215.0, 40.0], [91217.5, 6000.0], [91225.0, 24330.0]]}}}
{"jsonrpc": "2.0", "method": "subscription", "params": {"channel": "book.BTC-7MAR25.none.20.100ms", "data": {"timestamp": 1741274561719, "change_id": 91310847048, "instrument_name": "BTC-7MAR25", "bids": [[91080.0, 6010.0], [91077.5, 10000.0], [91075.0, 1600.0], [91072.5, 20000.0], [91070.0, 1720.0], [91067.5, 4780.0], [91065.0, 1600.0], [91062.5, 6000.0], [91042.5, 6000.0], [91032.5, 22250.0], [91030.0, 59530.0], [91007.5, 6000.0], [90997.5, 6000.0], [90995.0, 50.0], [90987.5, 6000.0], [90977.5, 60710.0], [90975.0, 6000.0], [90965.0, 6000.0], [90955.0, 6000.0], [90945.0, 6000.0]], "asks": [[91102.5, 1600.0], [91105.0, 4780.0], [91112.5, 120.0], [91120.0, 50000.0], [91122.5, 44820.0], [91125.0, 6000.0], [91127.5, 10000.0], [91140.0, 65750.0], [91142.5, 40.0], [91145.0, 22000.0], [91172.5, 22370.0], [91187.5, 6000.0], [91190.0, 9120.0], [91197.5, 6000.0], [91207.5, 6000.0], [91210.0, 60780.0], [91215.0, 40.0], [91217.5, 6000.0], [91225.0, 24330.0], [91227.5, 6000.0]]}}}
{"jsonrpc": "2.0", "method": "subscription", "params": {"channel": "book.BTC-14MAR25.none.20.100ms", "data": {"timestamp": 1741274561731, "change_id": 91310847166, "instrument_name": "BTC-14MAR25", "bids": [[91217.5, 4200.0], [91210.0, 2690.0], [91207.5, 4770.0], [91205.0, 7200.0], [91202.5, 10000.0], [91197.5, 1260.0], [91195.0, 4200.0], [91190.0, 120.0], [91167.5, 1260.0], [91165.0, 4200.0], [91152.5, 7390.0], [91150.0, 24630.0], [91147.5, 1260.0], [91145.0, 4200.0], [91142.5, 20.0], [91135.0, 4200.0], [91132.5, 7950.0], [91130.0, 26490.0], [91125.0, 4200.0], [91120.0, 7650.0]], "asks": [[91237.5, 120.0], [91242.5, 1260.0], [91245.0, 5630.0], [91247.5, 4770.0], [91260.0, 10000.0], [91265.0, 4200.0], [91277.5, 50000.0], [91280.0, 24450.0], [91282.5, 4200.0], [91287.5, 20.0], [91310.0, 4200.0], [91320.0, 13330.0], [91325.0, 2000.0], [91330.0, 4200.0], [91337.5, 15090.0], [91340.0, 22760.0], [91350.0, 4200.0], [91360.0, 4220.0], [91380.0, 4200.0], [91392.5, 105000.0]]}}}
{"jsonrpc": "2.0", "method": "subscription", "params": {"channel": "book.BTC-7MAR25.none.20.100ms", "data": {"timestamp": 1741274562081, "change_id": 91310848375, "instrument_name": "BTC-7MAR25", "bids": [[91092.5, 10.0], [91090.0, 480.0], [91087.5, 1600.0], [91082.5, 27320.0], [91080.0, 6120.0], [91077.5, 10000.0], [91075.0, 1600.0], [91067.5, 4780.0], [91042.5, 6000.0], [91032.5, 22250.0], [91030.0, 59530.0], [91007.5, 6000.0], [90997.5, 6000.0], [90995.0, 50.0], [90987.5, 6000.0], [90977.5, 60710.0], [90975.0, 6000.0], [90965.0, 6000.0], [90955.0, 6000.0], [90945.0, 6000.0]], "asks": [[91097.5, 1600.0], [91100.0, 1600.0], [91102.5, 1600.0], [91112.5, 4780.0], [91122.5, 44820.0], [91125.0, 50120.0], [91127.5, 10000.0], [91140.0, 65750.0], [91142.5, 40.0], [91145.0, 22000.0], [91150.0, 6000.0], [91167.5, 2000.0], [91172.5, 6000.0], [91187.5, 6000.0], [91190.0, 9120.0], [91197.5, 6000.0], [91207.5, 6000.0], [91210.0, 60780.0], [91215.0, 40.0], [91217.5, 6000.0]]}}}
{"jsonrpc": "2.0", "method": "subscription", "params": {"channel": "book.BTC-14MAR25.none.20.100ms", "data": {"timestamp": 1741274562073, "change_id": 91310848349, "instrument_name": "BTC-14MAR25", "bids": [[91225.0, 880.0], [91222.5, 4200.0], [91220.0, 2510.0], [91217.5, 4770.0], [91215.0, 7200.0], [91212.5, 10000.0], [91200.0, 120.0], [91197.5, 1260.0], [91195.0, 4200.0], [91167.5, 1260.0], [91165.0, 4200.0], [91150.0, 24630.0], [91145.0, 4200.0], [91142.5, 20.0], [91135.0, 4200.0], [91132.5, 7650.0], [91130.0, 26490.0], [91125.0, 4200.0], [91117.5, 1260.0], [91115.0, 4200.0]], "asks": [[91250.0, 120.0], [91262.5, 1260.0], [91265.0, 4200.0], [91272.5, 10000.0], [91282.5, 4200.0], [91287.5, 20.0], [91307.5, 15090.0], [91310.0, 4200.0], [91317.5, 50000.0], [91320.0, 13330.0], [91325.0, 2000.0], [91330.0, 4200.0], [91340.0, 22760.0], [91350.0, 4200.0], [91360.0, 4220.0], [91380.0, 4200.0], [91392.5, 105000.0], [91397.5, 49290.0], [91417.5, 4200.0], [91430.0, 44070.0]]}}}
{"jsonrpc": "2.0", "method": "subscription", "params": {"channel": "book.BTC-7MAR25.none.20.100ms", "data": {"timestamp": 1741274562413, "change_id": 91310850092, "instrument_name": "BTC-7MAR25", "bids": [[91100.0, 1610.0], [91097.5, 10000.0], [91095.0, 20000.0], [91082.5, 7600.0], [91080.0, 120.0], [91075.0, 1600.0], [91062.5, 6000.0], [91052.5, 59530.0], [91042.5, 6000.0], [91032.5, 22250.0], [91007.5, 6000.0], [91002.5, 60710.0], [90997.5, 6000.0], [90995.0, 50.0], [90987.5, 6000.0], [90975.0, 6000.0], [90965.0, 6000.0], [90955.0, 6000.0], [90945.0, 6000.0], [90935.0, 6000.0]], "asks": [[91102.5, 1600.0], [91122.5, 1600.0], [91125.0, 4780.0], [91137.5, 50000.0], [91140.0, 6000.0], [91142.5, 40.0], [91145.0, 22000.0], [91150.0, 6000.0], [91157.5, 10000.0], [91167.5, 16270.0], [91170.0, 59750.0], [91172.5, 6000.0], [91187.5, 6000.0], [91190.0, 9120.0], [91197.5, 6000.0], [91207.5, 50820.0], [91210.0, 60780.0], [91215.0, 40.0], [91217.5, 6000.0], [91225.0, 24330.0]]}}}
{"jsonrpc": "2.0", "method": "subscription", "params": {"channel": "book.BTC-14MAR25.none.20.100ms", "data": {"timestamp": 1741274562399, "change_id": 91310849901, "instrument_name": "BTC-14MAR25", "bids": [[91232.5, 10000.0], [91227.5, 8970.0], [91222.5, 20000.0], [91220.0, 4200.0], [91210.0, 4200.0], [91200.0, 25060.0], [91195.0, 4200.0], [91165.0, 4200.0], [91147.5, 7650.0], [91145.0, 4200.0], [91142.5, 20.0], [91135.0, 4200.0], [91130.0, 26490.0], [91127.5, 14950.0], [91125.0, 4200.0], [91115.0, 4200.0], [91100.0, 4200.0], [91090.0, 4200.0], [91077.5, 4200.0], [91075.0, 22600.0]], "asks": [[91267.5, 8970.0], [91272.5, 8400.0], [91282.5, 4200.0], [91287.5, 20.0], [91292.5, 14200.0], [91297.5, 24580.0], [91307.5, 15090.0], [91310.0, 4200.0], [91320.0, 13330.0], [91327.5, 50000.0], [91330.0, 4200.0], [91350.0, 4200.0], [91360.0, 4220.0], [91380.0, 4200.0], [91392.5, 105000.0], [91397.5, 49290.0], [91410.0, 22760.0], [91417.5, 4200.0], [91430.0, 44070.0], [91432.5, 4220.0]]}}}
{"jsonrpc": "2.0", "method": "subscription", "params": {"channel": "book.BTC-14MAR25.none.20.100ms", "data": {"timestamp": 1741274562657, "change_id": 91310851017, "instrument_name": "BTC-14MAR25", "bids": [[91235.0, 4200.0], [91232.5, 14200.0], [91227.5, 8970.0], [91225.0, 4200.0], [91222.5, 20120.0], [91210.0, 4200.0], [91200.0, 24940.0], [91195.0, 4200.0], [91165.0, 4200.0], [91150.0, 7650.0], [91145.0, 4200.0], [91142.5, 20.0], [91135.0, 4200.0], [91130.0, 26490.0], [91125.0, 19150.0], [91115.0, 4200.0], [91100.0, 4200.0], [91090.0, 4200.0], [91077.5, 4200.0], [91075.0, 22600.0]], "asks": [[91262.5, 4200.0], [91267.5, 9090.0], [91272.5, 4200.0], [91282.5, 4200.0], [91287.5, 20.0], [91292.5, 14200.0], [91295.0, 50000.0], [91297.5, 24580.0], [91307.5, 15090.0], [91310.0, 4200.0], [91320.0, 13330.0], [91330.0, 4200.0], [91350.0, 4200.0], [91360.0, 4220.0], [91380.0, 4200.0], [91392.5, 105000.0], [91397.5, 49290.0], [91410.0, 22760.0], [91417.5, 4200.0], [91430.0, 44070.0]]}}}
{"jsonrpc": "2.0", "method": "subscription", "params": {"channel": "book.BTC-7MAR25.none.20.100ms", "data": {"timestamp": 1741274562626, "change_id": 91310850863, "instrument_name": "BTC-7MAR25", "bids": [[91100.0, 130.0], [91097.5, 16000.0], [91095.0, 21430.0], [91092.5, 4780.0], [91085.0, 2280.0], [91082.5, 7600.0], [91065.0, 1800.0], [91062.5, 6000.0], [91055.0, 17860.0], [91052.5, 59530.0], [91045.0, 1800.0], [91042.5, 6000.0], [91035.0, 6680.0], [91032.5, 22250.0], [91010.0, 1800.0], [91007.5, 6000.0], [91005.0, 18210.0], [91002.5, 60710.0], [90997.5, 6000.0], [90995.0, 50.0]], "asks": [[91102.5, 1600.0], [91120.0, 1910.0], [91122.5, 1600.0], [91125.0, 4780.0], [91137.5, 1800.0], [91140.0, 6000.0], [91142.5, 40.0], [91145.0, 22120.0], [91150.0, 6000.0], [91155.0, 50000.0], [91157.5, 10000.0], [91167.5, 16270.0], [91170.0, 59750.0], [91172.5, 6000.0], [91187.5, 6000.0], [91190.0, 9120.0], [91197.5, 6000.0], [91207.5, 50820.0], [91210.0, 60780.0], [91215.0, 40.0]]}}}
{"jsonrpc": "2.0", "method": "subscription", "params": {"channel": "book.BTC-14MAR25.none.20.100ms", "data": {"timestamp": 1741274563079, "change_id": 91310852636, "instrument_name": "BTC-14MAR25", "bids": [[91222.5, 3000.0], [91220.0, 14770.0], [91205.0, 120.0], [91197.5, 1260.0], [91195.0, 4200.0], [91180.0, 7580.0], [91177.5, 25260.0], [91167.5, 1260.0], [91165.0, 4200.0], [91147.5, 1260.0], [91145.0, 4200.0], [91142.5, 20.0], [91140.0, 3560.0], [91137.5, 7650.0], [91135.0, 4200.0], [91132.5, 7950.0], [91130.0, 26490.0], [91127.5, 1260.0], [91125.0, 4200.0], [91115.0, 8690.0]], "asks": [[91252.5, 4770.0], [91257.5, 4200.0], [91260.0, 2520.0], [91262.5, 8400.0], [91267.5, 4320.0], [91270.0, 10000.0], [91272.5, 4200.0], [91277.5, 18750.0], [91282.5, 4200.0], [91287.5, 20.0], [91290.0, 50000.0], [91292.5, 4200.0], [91297.5, 24580.0], [91307.5, 15090.0], [91310.0, 4200.0], [91320.0, 13330.0], [91327.5, 2000.0], [91330.0, 4200.0], [91350.0, 4200.0], [91360.0, 4220.0]]}}}
{"jsonrpc": "2.0", "method": "subscription", "params": {"channel": "book.BTC-7MAR25.none.20.100ms", "data": {"timestamp": 1741274563078, "change_id": 91310852631, "instrument_name": "BTC-7MAR25", "bids": [[91085.0, 10010.0], [91080.0, 1470.0], [91077.5, 4900.0], [91057.5, 17860.0], [91055.0, 59530.0], [91050.0, 4880.0], [91047.5, 16280.0], [91045.0, 1800.0], [91042.5, 6000.0], [91035.0, 1800.0], [91032.5, 6000.0], [91010.0, 1800.0], [91007.5, 6000.0], [91002.5, 18210.0], [91000.0, 62530.0], [90997.5, 6000.0], [90995.0, 50.0], [90990.0, 1800.0], [90987.5, 6000.0], [90975.0, 6000.0]], "asks": [[91087.5, 1600.0], [91110.0, 4780.0], [91122.5, 7600.0], [91135.0, 60120.0], [91137.5, 44820.0], [91140.0, 6000.0], [91142.5, 6680.0], [91145.0, 22000.0], [91150.0, 6000.0], [91167.5, 16270.0], [91170.0, 59750.0], [91172.5, 6000.0], [91187.5, 6000.0], [91190.0, 9120.0], [91197.5, 6000.0], [91207.5, 6000.0], [91210.0, 60780.0], [91215.0, 40.0], [91217.5, 6000.0], [91225.0, 24330.0]]}}}
{"jsonrpc": "2.0", "method": "subscription", "params": {"channel": "book.BTC-14MAR25.none.20.100ms", "data": {"timestamp": 1741274563380, "change_id": 91310853705, "instrument_name": "BTC-14MAR25", "bids": [[91222.5, 9890.0], [91220.0, 18970.0], [91205.0, 120.0], [91197.5, 1260.0], [91195.0, 4200.0], [91180.0, 7580.0], [91177.5, 25260.0], [91165.0, 4200.0], [91145.0, 4200.0], [91142.5, 20.0], [91140.0, 3560.0], [91137.5, 7650.0], [91135.0, 4200.0], [91130.0, 26490.0], [91125.0, 4200.0], [91115.0, 4200.0], [91112.5, 14950.0], [91102.5, 1260.0], [91100.0, 4200.0], [91092.5, 1260.0]], "asks": [[91250.0, 4320.0], [91252.5, 4770.0], [91262.5, 4200.0], [91270.0, 10000.0], [91272.5, 4200.0], [91277.5, 18750.0], [91282.5, 4200.0], [91287.5, 20.0], [91290.0, 50000.0], [91292.5, 4200.0], [91297.5, 24580.0], [91307.5, 15090.0], [91310.0, 4200.0], [91320.0, 13330.0], [91327.5, 2000.0], [91330.0, 4200.0], [91350.0, 4200.0], [91360.0, 4220.0], [91380.0, 4200.0], [91392.5, 105000.0]]}}}
{"jsonrpc": "2.0", "method": "subscription", "params": {"channel": "book.BTC-7MAR25.none.20.100ms", "data": {"timestamp": 1741274563406, "change_id": 91310853729, "instrument_name": "BTC-7MAR25", "bids": [[91087.5, 14310.0], [91085.0, 10010.0], [91080.0, 7470.0], [91077.5, 24900.0], [91060.0, 6000.0], [91057.5, 17860.0], [91055.0, 59530.0], [91050.0, 4880.0], [91047.5, 16280.0], [91042.5, 6000.0], [91035.0, 1800.0], [91032.5, 6000.0], [91010.0, 1800.0], [91007.5, 6000.0], [91000.0, 62530.0], [90997.5, 6000.0], [90995.0, 50.0], [90990.0, 1800.0], [90987.5, 6000.0], [90975.0, 6000.0]], "asks": [[91102.5, 10.0], [91105.0, 5030.0], [91107.5, 6000.0], [91110.0, 10780.0], [91122.5, 1600.0], [91125.0, 120.0], [91130.0, 6000.0], [91135.0, 60000.0], [91137.5, 44820.0], [91140.0, 6000.0], [91142.5, 40.0], [91145.0, 22000.0], [91150.0, 6000.0], [91167.5, 16270.0], [91170.0, 59750.0], [91172.5, 6000.0], [91187.5, 6000.0], [91190.0, 9120.0], [91197.5, 6000.0], [91207.5, 6000.0]]}}}
{"jsonrpc": "2.0", "method": "subscription", "params": {"channel": "book.BTC-14MAR25.none.20.100ms", "data": {"timestamp": 1741274563719, "change_id": 91310855146, "instrument_name": "BTC-14MAR25", "bids": [[91230.0, 4200.0], [91227.5, 1260.0], [91225.0, 4200.0], [91222.5, 9890.0], [91220.0, 14770.0], [91205.0, 120.0], [91197.5, 1260.0], [91195.0, 4200.0], [91180.0, 7580.0], [91177.5, 25260.0], [91167.5, 1260.0], [91165.0, 4200.0], [91147.5, 1260.0], [91145.0, 4200.0], [91142.5, 20.0], [91140.0, 3560.0], [91137.5, 7650.0], [91135.0, 4200.0], [91132.5, 7950.0], [91130.0, 26490.0]], "asks": [[91250.0, 120.0], [91260.0, 1430.0], [91262.5, 4770.0], [91267.5, 3000.0], [91270.0, 10000.0], [91272.5, 4200.0], [91282.5, 4200.0], [91287.5, 20.0], [91292.5, 4200.0], [91295.0, 50000.0], [91297.5, 24580.0], [91307.5, 15090.0], [91310.0, 4200.0], [91320.0, 13330.0], [91327.5, 2000.0], [91330.0, 4200.0], [91350.0, 4200.0], [91360.0, 4220.0], [91380.0, 4200.0], [91392.5, 105000.0]]}}}
{"jsonrpc": "2.0", "method": "subscription", "params": {"channel": "book.BTC-7MAR25.none.20.100ms", "data": {"timestamp": 1741274563723, "change_id": 91310855157, "instrument_name": "BTC-7MAR25", "bids": [[91102.5, 1610.0], [91092.5, 9320.0], [91090.0, 27320.0], [91087.5, 2800.0], [91085.0, 10000.0], [91080.0, 7470.0], [91077.5, 24900.0], [91072.5, 1800.0], [91070.0, 6000.0], [91062.5, 1800.0], [91060.0, 6000.0], [91057.5, 17860.0], [91055.0, 59530.0], [91050.0, 4880.0], [91047.5, 16280.0], [91045.0, 1800.0], [91042.5, 6000.0], [91035.0, 1800.0], [91032.5, 6000.0], [91010.0, 1800.0]], "asks": [[91112.5, 480.0], [91115.0, 1600.0], [91117.5, 1430.0], [91120.0, 5300.0], [91122.5, 1600.0], [91125.0, 120.0], [91132.5, 18000.0], [91135.0, 75250.0], [91137.5, 44820.0], [91140.0, 6000.0], [91142.5, 6640.0], [91145.0, 22000.0], [91147.5, 1800.0], [91150.0, 6000.0], [91165.0, 22810.0], [91167.5, 16270.0], [91170.0, 61550.0], [91172.5, 6000.0], [91185.0, 4540.0], [91187.5, 6000.0]]}}}
{"jsonrpc": "2.0", "method": "subscription", "params": {"channel": "book.BTC-14MAR25.none.20.100ms", "data": {"timestamp": 1741274564073, "change_id": 91310856029, "instrument_name": "BTC-14MAR25", "bids": [[91235.0, 4200.0], [91232.5, 6730.0], [91230.0, 4770.0], [91222.5, 7200.0], [91220.0, 10000.0], [91215.0, 120.0], [91197.5, 1260.0], [91195.0, 4200.0], [91180.0, 7580.0], [91177.5, 25260.0], [91167.5, 1260.0], [91165.0, 4200.0], [91147.5, 1260.0], [91145.0, 4200.0], [91142.5, 20.0], [91140.0, 3560.0], [91137.5, 7650.0], [91135.0, 4200.0], [91132.5, 7950.0], [91130.0, 26490.0]], "asks": [[91250.0, 120.0], [91260.0, 1430.0], [91262.5, 4770.0], [91265.0, 6970.0], [91267.5, 13230.0], [91270.0, 14200.0], [91280.0, 16100.0], [91282.5, 4200.0], [91285.0, 50000.0], [91287.5, 20.0], [91290.0, 1260.0], [91292.5, 4200.0], [91295.0, 7370.0], [91297.5, 24580.0], [91305.0, 5790.0], [91307.5, 15090.0], [91310.0, 4200.0], [91317.5, 4000.0], [91320.0, 13330.0], [91327.5, 2000.0]]}}}
{"jsonrpc": "2.0", "method": "subscription", "params": {"channel": "book.BTC-7MAR25.none.20.100ms", "data": {"timestamp": 1741274563844, "change_id": 91310855679, "instrument_name": "BTC-7MAR25", "bids": [[91102.5, 1600.0], [91092.5, 1600.0], [91090.0, 7600.0], [91087.5, 4900.0], [91085.0, 10000.0], [91072.5, 1800.0], [91070.0, 6000.0], [91060.0, 6000.0], [91050.0, 59530.0], [91047.5, 16280.0], [91042.5, 6000.0], [91032.5, 6000.0], [91007.5, 6000.0], [90997.5, 6000.0], [90995.0, 60760.0], [90987.5, 6000.0], [90975.0, 6000.0], [90965.0, 6000.0], [90957.5, 1800.0], [90955.0, 6000.0]], "asks": [[91110.0, 10.0], [91115.0, 1600.0], [91120.0, 4780.0], [91122.5, 1600.0], [91125.0, 120.0], [91132.5, 18000.0], [91135.0, 75250.0], [91137.5, 44820.0], [91140.0, 6000.0], [91142.5, 40.0], [91145.0, 22000.0], [91147.5, 1800.0], [91150.0, 6000.0], [91167.5, 16270.0], [91170.0, 59750.0], [91172.5, 6000.0], [91187.5, 6000.0], [91190.0, 9120.0], [91195.0, 1800.0], [91197.5, 6000.0]]}}}
{"jsonrpc": "2.0", "method": "subscription", "params": {"channel": "book.BTC-14MAR25.none.20.100ms", "data": {"timestamp": 1741274564399, "change_id": 91310856836, "instrument_name": "BTC-14MAR25", "bids": [[91232.5, 4430.0], [91230.0, 14770.0], [91225.0, 120.0], [91195.0, 4200.0], [91177.5, 25260.0], [91165.0, 4200.0], [91147.5, 7650.0], [91145.0, 4200.0], [91142.5, 20.0], [91135.0, 4200.0], [91130.0, 26490.0], [91125.0, 4200.0], [91122.5, 14950.0], [91115.0, 4200.0], [91100.0, 4200.0], [91077.5, 4200.0], [91075.0, 22600.0], [91070.0, 20.0], [91067.5, 4200.0], [91057.5, 4200.0]], "asks": [[91260.0, 4200.0], [91262.5, 4320.0], [91272.5, 8970.0], [91282.5, 14200.0], [91287.5, 20.0], [91292.5, 4200.0], [91295.0, 50000.0], [91297.5, 24580.0], [91307.5, 15090.0], [91310.0, 4200.0], [91320.0, 13330.0], [91327.5, 2000.0], [91330.0, 4200.0], [91350.0, 4200.0], [91360.0, 4220.0], [91380.0, 4200.0], [91392.5, 105000.0], [91397.5, 49290.0], [91407.5, 4200.0], [91410.0, 22760.0]]}}}
{"jsonrpc": "2.0", "method": "subscription", "params": {"channel": "book.BTC-7MAR25.none.20.100ms", "data": {"timestamp": 1741274564394, "change_id": 91310856819, "instrument_name": "BTC-7MAR25", "bids": [[91102.5, 10.0], [91097.5, 8420.0], [91095.0, 30000.0], [91092.5, 3880.0], [91090.0, 9030.0], [91087.5, 4780.0], [91072.5, 1800.0], [91070.0, 6000.0], [91062.5, 1800.0], [91060.0, 6000.0], [91052.5, 17860.0], [91050.0, 64410.0], [91047.5, 16280.0], [91045.0, 1800.0], [91042.5, 6000.0], [91035.0, 1800.0], [91032.5, 6000.0], [91010.0, 1800.0], [91007.5, 6000.0], [90997.5, 24230.0]], "asks": [[91105.0, 1600.0], [91125.0, 1430.0], [91127.5, 4780.0], [91132.5, 15000.0], [91135.0, 63480.0], [91137.5, 44940.0], [91142.5, 6640.0], [91145.0, 22000.0], [91147.5, 10000.0], [91150.0, 6000.0], [91167.5, 16270.0], [91170.0, 59750.0], [91172.5, 6000.0], [91187.5, 6000.0], [91190.0, 9120.0], [91197.5, 6000.0], [91207.5, 6000.0], [91215.0, 40.0], [91217.5, 6000.0], [91225.0, 24330.0]]}}}
{"jsonrpc": "2.0", "method": "subscription", "params": {"channel": "book.BTC-7MAR25.none.20.100ms", "data": {"timestamp": 1741274564716, "change_id": 91310858156, "instrument_name": "BTC-7MAR25", "bids": [[91112.5, 7600.0], [91110.0, 1600.0], [91107.5, 7600.0], [91105.0, 1600.0], [91102.5, 10.0], [91100.0, 7400.0], [91097.5, 120.0], [91095.0, 30000.0], [91092.5, 6000.0], [91082.5, 6000.0], [91070.0, 6000.0], [91060.0, 6000.0], [91052.5, 15020.0], [91047.5, 16280.0], [91042.5, 6000.0], [91032.5, 6000.0], [91007.5, 6000.0], [91000.0, 60710.0], [90997.5, 6000.0], [90995.0, 50.0]], "asks": [[91132.5, 1600.0], [91137.5, 44940.0], [91142.5, 57440.0], [91145.0, 22000.0], [91147.5, 10000.0], [91162.5, 6000.0], [91170.0, 61750.0], [91172.5, 6000.0], [91187.5, 6000.0], [91190.0, 9120.0], [91197.5, 6000.0], [91200.0, 16250.0], [91207.5, 6000.0], [91215.0, 40.0], [91217.5, 6000.0], [91225.0, 24330.0], [91227.5, 6000.0], [91247.5, 6000.0], [91252.5, 60780.0], [91277.5, 6000.0]]}}}
{"jsonrpc": "2.0", "method": "subscription", "params": {"channel": "book.BTC-14MAR25.none.20.100ms", "data": {"timestamp": 1741274564705, "change_id": 91310858122, "instrument_name": "BTC-14MAR25", "bids": [[91247.5, 4200.0], [91237.5, 7390.0], [91230.0, 14200.0], [91225.0, 120.0], [91195.0, 4200.0], [91177.5, 25260.0], [91165.0, 4200.0], [91150.0, 7650.0], [91145.0, 4200.0], [91142.5, 20.0], [91135.0, 4200.0], [91130.0, 26490.0], [91125.0, 19150.0], [91115.0, 4200.0], [91100.0, 4200.0], [91077.5, 4200.0], [91075.0, 22600.0], [91070.0, 20.0], [91067.5, 4200.0], [91057.5, 4200.0]], "asks": [[91262.5, 120.0], [91282.5, 10000.0], [91285.0, 7390.0], [91287.5, 20.0], [91292.5, 4200.0], [91310.0, 4200.0], [91317.5, 50000.0], [91320.0, 13330.0], [91330.0, 28990.0], [91350.0, 4200.0], [91352.5, 2000.0], [91360.0, 4220.0], [91380.0, 4200.0], [91390.0, 15090.0], [91392.5, 105000.0], [91397.5, 49290.0], [91407.5, 4200.0], [91410.0, 22760.0], [91417.5, 4200.0], [91430.0, 44070.0]]}}}
{"jsonrpc": "2.0", "method": "subscription", "params": {"channel": "book.BTC-7MAR25.none.20.100ms", "data": {"timestamp": 1741274565063, "change_id": 91310859310, "instrument_name": "BTC-7MAR25", "bids": [[91125.0, 10.0], [91120.0, 6000.0], [91117.5, 1690.0], [91115.0, 6000.0], [91112.5, 6400.0], [91110.0, 21320.0], [91107.5, 120.0], [91105.0, 10000.0], [91100.0, 7400.0], [91095.0, 26000.0], [91082.5, 6000.0], [91070.0, 6000.0], [91065.0, 44510.0], [91060.0, 6000.0], [91050.0, 4880.0], [91047.5, 16280.0], [91045.0, 1800.0], [91042.5, 6000.0], [91035.0, 1800.0], [91032.5, 6000.0]], "asks": [[91130.0, 1600.0], [91137.5, 44820.0], [91140.0, 17230.0], [91142.5, 57440.0], [91150.0, 120.0], [91160.0, 10000.0], [91167.5, 17930.0], [91170.0, 61550.0], [91172.5, 6000.0], [91185.0, 4540.0], [91187.5, 6000.0], [91190.0, 9120.0], [91195.0, 6680.0], [91197.5, 6000.0], [91200.0, 16250.0], [91205.0, 1800.0], [91207.5, 6000.0], [91215.0, 1840.0], [91217.5, 6000.0], [91227.5, 6000.0]]}}}
{"jsonrpc": "2.0", "method": "subscription", "params": {"channel": "book.BTC-14MAR25.none.20.100ms", "data": {"timestamp": 1741274565057, "change_id": 91310859280, "instrument_name": "BTC-14MAR25", "bids": [[91245.0, 4200.0], [91242.5, 4200.0], [91240.0, 14200.0], [91237.5, 7390.0], [91230.0, 4200.0], [91225.0, 120.0], [91200.0, 26470.0], [91195.0, 4200.0], [91177.5, 25260.0], [91165.0, 4200.0], [91150.0, 7650.0], [91145.0, 4200.0], [91142.5, 20.0], [91135.0, 4200.0], [91125.0, 19150.0], [91115.0, 4200.0], [91100.0, 4200.0], [91077.5, 4200.0], [91075.0, 22600.0], [91070.0, 20.0]], "asks": [[91275.0, 120.0], [91285.0, 7390.0], [91287.5, 20.0], [91292.5, 4200.0], [91295.0, 10000.0], [91310.0, 4200.0], [91320.0, 13330.0], [91327.5, 50000.0], [91330.0, 28990.0], [91350.0, 4200.0], [91352.5, 2000.0], [91360.0, 4220.0], [91380.0, 4200.0], [91390.0, 15090.0], [91392.5, 105000.0], [91397.5, 49290.0], [91407.5, 4200.0], [91410.0, 22760.0], [91417.5, 4200.0], [91430.0, 44070.0]]}}}
{"jsonrpc": "2.0", "method": "subscription", "params": {"channel": "book.BTC-7MAR25.none.20.100ms", "data": {"timestamp": 1741274565383, "change_id": 91310860355, "instrument_name": "BTC-7MAR25", "bids": [[91122.5, 10.0], [91117.5, 3000.0], [91115.0, 10000.0], [91112.5, 2700.0], [91110.0, 9000.0], [91107.5, 120.0], [91097.5, 1800.0], [91095.0, 10960.0], [91092.5, 16520.0], [91085.0, 1800.0], [91082.5, 6000.0], [91072.5, 1800.0], [91070.0, 6000.0], [91065.0, 59530.0], [91060.0, 6000.0], [91042.5, 6000.0], [91032.5, 6000.0], [91012.5, 60710.0], [91007.5, 6000.0], [90997.5, 6000.0]], "asks": [[91127.5, 1600.0], [91132.5, 480.0], [91135.0, 15050.0], [91137.5, 44820.0], [91142.5, 40.0], [91150.0, 120.0], [91152.5, 7400.0], [91157.5, 50000.0], [91160.0, 10000.0], [91170.0, 59750.0], [91172.5, 6000.0], [91187.5, 6000.0], [91190.0, 9120.0], [91197.5, 6000.0], [91200.0, 16250.0], [91207.5, 6000.0], [91215.0, 40.0], [91217.5, 6000.0], [91227.5, 6000.0], [91247.5, 6000.0]]}}}
{"jsonrpc": "2.0", "method": "subscription", "params": {"channel": "book.BTC-14MAR25.none.20.100ms", "data": {"timestamp": 1741274565309, "change_id": 91310860151, "instrument_name": "BTC-14MAR25", "bids": [[91252.5, 6420.0], [91250.0, 7390.0], [91247.5, 1260.0], [91245.0, 4200.0], [91240.0, 14200.0], [91235.0, 120.0], [91230.0, 4200.0], [91202.5, 7940.0], [91200.0, 26470.0], [91195.0, 4200.0], [91177.5, 25260.0], [91165.0, 4200.0], [91150.0, 7650.0], [91145.0, 4200.0], [91142.5, 20.0], [91135.0, 4200.0], [91125.0, 19150.0], [91115.0, 4200.0], [91100.0, 4200.0], [91077.5, 4200.0]], "asks": [[91275.0, 120.0], [91285.0, 38810.0], [91287.5, 20.0], [91292.5, 54200.0], [91295.0, 17390.0], [91310.0, 4200.0], [91320.0, 13330.0], [91330.0, 28990.0], [91350.0, 4200.0], [91352.5, 2000.0], [91360.0, 4220.0], [91380.0, 4200.0], [91390.0, 15090.0], [91392.5, 105000.0], [91397.5, 49290.0], [91407.5, 4200.0], [91410.0, 22760.0], [91417.5, 4200.0], [91430.0, 44070.0], [91432.5, 4220.0]]}}}
{"jsonrpc": "2.0", "method": "subscription", "params": {"channel": "book.BTC-7MAR25.none.20.100ms", "data": {"timestamp": 1741274565716, "change_id": 91310862196, "instrument_name": "BTC-7MAR25", "bids": [[91130.0, 10.0], [91117.5, 3120.0], [91115.0, 10000.0], [91112.5, 2700.0], [91110.0, 9000.0], [91097.5, 1800.0], [91095.0, 10960.0], [91092.5, 16520.0], [91085.0, 1800.0], [91082.5, 6000.0], [91072.5, 1800.0], [91070.0, 6000.0], [91067.5, 17860.0], [91065.0, 59530.0], [91062.5, 1800.0], [91060.0, 6000.0], [91045.0, 1800.0], [91042.5, 6000.0], [91035.0, 1800.0], [91032.5, 6000.0]], "asks": [[91132.5, 1610.0], [91135.0, 1600.0], [91137.5, 44820.0], [91142.5, 40.0], [91150.0, 2220.0], [91152.5, 7400.0], [91155.0, 18000.0], [91157.5, 50000.0], [91160.0, 10000.0], [91165.0, 120.0], [91167.5, 17930.0], [91170.0, 61550.0], [91172.5, 6000.0], [91185.0, 4540.0], [91187.5, 6000.0], [91190.0, 9120.0], [91192.5, 600.0], [91195.0, 3800.0], [91197.5, 6000.0], [91205.0, 1800.0]]}}}
{"jsonrpc": "2.0", "method": "subscription", "params": {"channel": "book.BTC-14MAR25.none.20.100ms", "data": {"timestamp": 1741274565703, "change_id": 91310862108, "instrument_name": "BTC-14MAR25", "bids": [[91260.0, 4200.0], [91257.5, 1260.0], [91255.0, 4200.0], [91252.5, 5220.0], [91250.0, 17390.0], [91242.5, 1260.0], [91240.0, 4200.0], [91235.0, 120.0], [91232.5, 1260.0], [91230.0, 4200.0], [91200.0, 26470.0], [91195.0, 4200.0], [91177.5, 25260.0], [91165.0, 4200.0], [91150.0, 7650.0], [91145.0, 4200.0], [91142.5, 20.0], [91135.0, 4200.0], [91125.0, 19150.0], [91115.0, 4200.0]], "asks": [[91285.0, 5470.0], [91287.5, 4220.0], [91290.0, 120.0], [91295.0, 17390.0], [91310.0, 4200.0], [91320.0, 13330.0], [91330.0, 4200.0], [91340.0, 54200.0], [91342.5, 24980.0], [91350.0, 4200.0], [91352.5, 2000.0], [91360.0, 4220.0], [91380.0, 4200.0], [91390.0, 15090.0], [91392.5, 105000.0], [91397.5, 49290.0], [91407.5, 4200.0], [91410.0, 22760.0], [91417.5, 4200.0], [91430.0, 44070.0]]}}}
{"jsonrpc": "2.0", "method": "subscription", "params": {"channel": "book.BTC-14MAR25.none.20.100ms", "data": {"timestamp": 1741274566047, "change_id": 91310863665, "instrument_name": "BTC-14MAR25", "bids": [[91257.5, 8400.0], [91252.5, 5220.0], [91250.0, 17390.0], [91245.0, 120.0], [91240.0, 4200.0], [91230.0, 4200.0], [91222.5, 25220.0], [91220.0, 4200.0], [91200.0, 26470.0], [91195.0, 4200.0], [91167.5, 7650.0], [91165.0, 4200.0], [91145.0, 4200.0], [91142.5, 14970.0], [91137.5, 1260.0], [91135.0, 4200.0], [91125.0, 4200.0], [91115.0, 4200.0], [91100.0, 4200.0], [91077.5, 4200.0]], "asks": [[91287.5, 20.0], [91290.0, 120.0], [91295.0, 17390.0], [91297.5, 21130.0], [91310.0, 4200.0], [91317.5, 50000.0], [91320.0, 13330.0], [91322.5, 24670.0], [91330.0, 4200.0], [91340.0, 19290.0], [91350.0, 4200.0], [91352.5, 2000.0], [91360.0, 4220.0], [91380.0, 4200.0], [91395.0, 14790.0], [91397.5, 49290.0], [91407.5, 4200.0], [91410.0, 22760.0], [91417.5, 4200.0], [91430.0, 44070.0]]}}}
{"jsonrpc": "2.0", "method": "subscription", "params": {"channel": "book.BTC-7MAR25.none.20.100ms", "data": {"timestamp": 1741274566048, "change_id": 91310863680, "instrument_name": "BTC-7MAR25", "bids": [[91132.5, 1610.0], [91127.5, 6000.0], [91122.5, 7600.0], [91120.0, 6440.0], [91117.5, 6120.0], [91115.0, 10000.0], [91112.5, 2700.0], [91110.0, 7400.0], [91097.5, 1800.0], [91095.0, 10960.0], [91092.5, 16520.0], [91085.0, 1800.0], [91082.5, 6000.0], [91072.5, 19660.0], [91070.0, 65530.0], [91060.0, 6000.0], [91042.5, 6000.0], [91032.5, 6000.0], [91020.0, 60710.0], [91007.5, 6000.0]], "asks": [[91135.0, 1600.0], [91142.5, 40.0], [91150.0, 2220.0], [91152.5, 7400.0], [91157.5, 44820.0], [91160.0, 10000.0], [91165.0, 120.0], [91172.5, 56000.0], [91180.0, 16340.0], [91185.0, 4540.0], [91187.5, 6000.0], [91190.0, 9120.0], [91192.5, 600.0], [91195.0, 3800.0], [91197.5, 6000.0], [91205.0, 59750.0], [91207.5, 6000.0], [91215.0, 40.0], [91217.5, 6000.0], [91227.5, 6000.0]]}}}
{"jsonrpc": "2.0", "method": "subscription", "params": {"channel": "book.BTC-7MAR25.none.20.100ms", "data": {"timestamp": 1741274566370, "change_id": 91310865246, "instrument_name": "BTC-7MAR25", "bids": [[91130.0, 10.0], [91125.0, 11600.0], [91122.5, 7600.0], [91120.0, 9000.0], [91117.5, 20120.0], [91095.0, 6000.0], [91092.5, 16520.0], [91082.5, 6000.0], [91075.0, 59530.0], [91070.0, 6000.0], [91060.0, 6000.0], [91042.5, 6000.0], [91032.5, 6000.0], [91022.5, 60710.0], [91007.5, 6000.0], [90997.5, 6000.0], [90995.0, 50.0], [90987.5, 6000.0], [90975.0, 6000.0], [90965.0, 67780.0]], "asks": [[91137.5, 1600.0], [91142.5, 40.0], [91157.5, 52220.0], [91165.0, 120.0], [91170.0, 50000.0], [91172.5, 6000.0], [91177.5, 10000.0], [91187.5, 6000.0], [91190.0, 9120.0], [91192.5, 16190.0], [91195.0, 2000.0], [91197.5, 6000.0], [91205.0, 59750.0], [91207.5, 6000.0], [91215.0, 40.0], [91217.5, 6000.0], [91227.5, 6000.0], [91247.5, 6000.0], [91252.5, 60780.0], [91257.5, 6000.0]]}}}
{"jsonrpc": "2.0", "method": "subscription", "params": {"channel": "book.BTC-14MAR25.none.20.100ms", "data": {"timestamp": 1741274566379, "change_id": 91310865284, "instrument_name": "BTC-14MAR25", "bids": [[91265.0, 7740.0], [91262.5, 21590.0], [91260.0, 4200.0], [91255.0, 1260.0], [91252.5, 4200.0], [91245.0, 120.0], [91230.0, 4200.0], [91222.5, 25220.0], [91220.0, 4200.0], [91200.0, 26470.0], [91195.0, 4200.0], [91170.0, 7650.0], [91165.0, 4200.0], [91147.5, 14950.0], [91145.0, 4200.0], [91142.5, 20.0], [91135.0, 4200.0], [91125.0, 4200.0], [91115.0, 4200.0], [91100.0, 4200.0]], "asks": [[91287.5, 6820.0], [91290.0, 120.0], [91302.5, 7390.0], [91310.0, 4200.0], [91312.5, 10000.0], [91320.0, 63330.0], [91322.5, 23980.0], [91330.0, 4200.0], [91340.0, 19290.0], [91350.0, 4200.0], [91352.5, 2000.0], [91360.0, 4220.0], [91397.5, 4200.0], [91407.5, 4200.0], [91410.0, 22760.0], [91417.5, 4200.0], [91432.5, 4220.0], [91437.5, 105000.0], [91442.5, 4200.0], [91447.5, 45090.0]]}}}
{"jsonrpc": "2.0", "method": "subscription", "params": {"channel": "book.BTC-14MAR25.none.20.100ms", "data": {"timestamp": 1741274566597, "change_id": 91310865981, "instrument_name": "BTC-14MAR25", "bids": [[91262.5, 21590.0], [91260.0, 4200.0], [91245.0, 120.0], [91232.5, 1260.0], [91230.0, 4200.0], [91225.0, 8830.0], [91222.5, 25220.0], [91220.0, 4200.0], [91202.5, 7940.0], [91200.0, 26470.0], [91197.5, 1260.0], [91195.0, 4200.0], [91172.5, 2300.0], [91170.0, 7650.0], [91167.5, 1260.0], [91165.0, 4200.0], [91150.0, 5750.0], [91147.5, 14950.0], [91145.0, 4200.0], [91142.5, 20.0]], "asks": [[91287.5, 6820.0], [91290.0, 120.0], [91295.0, 1260.0], [91297.5, 4200.0], [91300.0, 2220.0], [91302.5, 7390.0], [91305.0, 50000.0], [91307.5, 54400.0], [91310.0, 4200.0], [91312.5, 10000.0], [91320.0, 13330.0], [91330.0, 4200.0], [91332.5, 24960.0], [91340.0, 19290.0], [91350.0, 4200.0], [91352.5, 2000.0], [91360.0, 4220.0], [91397.5, 4200.0], [91407.5, 4200.0], [91410.0, 22760.0]]}}}
{"jsonrpc": "2.0", "method": "subscription", "params": {"channel": "book.BTC-7MAR25.none.20.100ms", "data": {"timestamp": 1741274566716, "change_id": 91310866333, "instrument_name": "BTC-7MAR25", "bids": [[91130.0, 10.0], [91127.5, 3600.0], [91125.0, 16580.0], [91122.5, 7600.0], [91120.0, 13400.0], [91117.5, 20000.0], [91097.5, 1800.0], [91095.0, 10960.0], [91092.5, 16520.0], [91082.5, 6000.0], [91075.0, 59530.0], [91070.0, 6000.0], [91060.0, 6000.0], [91042.5, 6000.0], [91032.5, 6000.0], [91022.5, 60710.0], [91007.5, 6000.0], [90997.5, 6000.0], [90995.0, 50.0], [90987.5, 6000.0]], "asks": [[91132.5, 1610.0], [91137.5, 1600.0], [91142.5, 40.0], [91155.0, 15670.0], [91157.5, 52220.0], [91165.0, 120.0], [91167.5, 15000.0], [91170.0, 50000.0], [91172.5, 6000.0], [91175.0, 3000.0], [91177.5, 10000.0], [91185.0, 4540.0], [91187.5, 6000.0], [91190.0, 9120.0], [91195.0, 2000.0], [91197.5, 6000.0], [91202.5, 16290.0], [91205.0, 59750.0], [91207.5, 6000.0], [91215.0, 40.0]]}}}
{"jsonrpc": "2.0", "method": "subscription", "params": {"channel": "book.BTC-14MAR25.none.20.100ms", "data": {"timestamp": 1741274567035, "change_id": 91310866995, "instrument_name": "BTC-14MAR25", "bids": [[91262.5, 17390.0], [91245.0, 120.0], [91232.5, 1260.0], [91230.0, 4200.0], [91225.0, 1260.0], [91220.0, 4200.0], [91207.5, 7310.0], [91205.0, 24350.0], [91202.5, 7940.0], [91200.0, 26470.0], [91197.5, 1260.0], [91195.0, 4200.0], [91172.5, 2300.0], [91170.0, 7650.0], [91167.5, 1260.0], [91165.0, 4200.0], [91150.0, 5750.0], [91147.5, 14950.0], [91145.0, 4200.0], [91142.5, 20.0]], "asks": [[91282.5, 2600.0], [91285.0, 7620.0], [91287.5, 2620.0], [91290.0, 120.0], [91295.0, 1260.0], [91297.5, 4200.0], [91300.0, 16940.0], [91302.5, 7390.0], [91305.0, 67580.0], [91307.5, 54400.0], [91310.0, 7200.0], [91312.5, 10000.0], [91317.5, 4000.0], [91320.0, 13330.0], [91327.5, 1260.0], [91330.0, 11690.0], [91332.5, 24960.0], [91337.5, 5790.0], [91340.0, 19290.0], [91347.5, 1260.0]]}}}
{"jsonrpc": "2.0", "method": "subscription", "params": {"channel": "book.BTC-7MAR25.none.20.100ms", "data": {"timestamp": 1741274566902, "change_id": 91310866884, "instrument_name": "BTC-7MAR25", "bids": [[91127.5, 130.0], [91125.0, 10000.0], [91122.5, 2220.0], [91120.0, 13400.0], [91117.5, 20000.0], [91100.0, 6650.0], [91097.5, 16160.0], [91095.0, 6000.0], [91085.0, 1800.0], [91082.5, 6000.0], [91075.0, 59530.0], [91070.0, 6000.0], [91062.5, 1800.0], [91060.0, 6000.0], [91042.5, 6000.0], [91032.5, 6000.0], [91022.5, 60710.0], [91007.5, 6000.0], [90997.5, 6000.0], [90995.0, 50.0]], "asks": [[91130.0, 1610.0], [91132.5, 1600.0], [91137.5, 1600.0], [91142.5, 40.0], [91157.5, 52220.0], [91160.0, 6000.0], [91165.0, 120.0], [91167.5, 15000.0], [91170.0, 51800.0], [91172.5, 6000.0], [91175.0, 3000.0], [91177.5, 10000.0], [91185.0, 4540.0], [91187.5, 6000.0], [91190.0, 9120.0], [91195.0, 2000.0], [91197.5, 6000.0], [91200.0, 22810.0], [91202.5, 16290.0], [91205.0, 59750.0]]}}}
{"jsonrpc": "2.0", "method": "subscription", "params": {"channel": "book.BTC-14MAR25.none.20.100ms", "data": {"timestamp": 1741274567377, "change_id": 91310867557, "instrument_name": "BTC-14MAR25", "bids": [[91262.5, 17390.0], [91245.0, 120.0], [91232.5, 1260.0], [91230.0, 4200.0], [91225.0, 1260.0], [91220.0, 4200.0], [91207.5, 7310.0], [91205.0, 24350.0], [91202.5, 7940.0], [91200.0, 26470.0], [91197.5, 1260.0], [91195.0, 4200.0], [91172.5, 2300.0], [91170.0, 7650.0], [91167.5, 1260.0], [91165.0, 4200.0], [91150.0, 5750.0], [91147.5, 14950.0], [91145.0, 4200.0], [91142.5, 20.0]], "asks": [[91282.5, 2600.0], [91285.0, 3420.0], [91287.5, 2620.0], [91290.0, 900.0], [91292.5, 2600.0], [91295.0, 1260.0], [91297.5, 4200.0], [91300.0, 52220.0], [91302.5, 17390.0], [91305.0, 17580.0], [91307.5, 54400.0], [91310.0, 4200.0], [91317.5, 4000.0], [91320.0, 13330.0], [91327.5, 1260.0], [91330.0, 11690.0], [91332.5, 24960.0], [91337.5, 5790.0], [91340.0, 19290.0], [91347.5, 1260.0]]}}}
{"jsonrpc": "2.0", "method": "subscription", "params": {"channel": "book.BTC-7MAR25.none.20.100ms", "data": {"timestamp": 1741274567372, "change_id": 91310867551, "instrument_name": "BTC-7MAR25", "bids": [[91127.5, 1730.0], [91125.0, 10000.0], [91122.5, 2220.0], [91120.0, 13400.0], [91117.5, 20000.0], [91100.0, 6650.0], [91097.5, 16160.0], [91095.0, 6000.0], [91085.0, 1800.0], [91082.5, 6000.0], [91077.5, 17860.0], [91075.0, 59530.0], [91072.5, 1800.0], [91070.0, 6000.0], [91062.5, 1800.0], [91060.0, 6000.0], [91045.0, 1800.0], [91042.5, 6000.0], [91035.0, 1800.0], [91032.5, 6000.0]], "asks": [[91130.0, 1600.0], [91142.5, 40.0], [91152.5, 15000.0], [91155.0, 67470.0], [91157.5, 52220.0], [91160.0, 6000.0], [91165.0, 120.0], [91170.0, 1800.0], [91172.5, 6000.0], [91175.0, 3000.0], [91177.5, 10000.0], [91185.0, 4540.0], [91187.5, 6000.0], [91190.0, 9120.0], [91192.5, 600.0], [91195.0, 3800.0], [91197.5, 6000.0], [91200.0, 22810.0], [91202.5, 16290.0], [91205.0, 61550.0]]}}}
{"jsonrpc": "2.0", "method": "subscription", "params": {"channel": "book.BTC-7MAR25.none.20.100ms", "data": {"timestamp": 1741274567638, "change_id": 91310868358, "instrument_name": "BTC-7MAR25", "bids": [[91137.5, 10.0], [91132.5, 1600.0], [91130.0, 5320.0], [91127.5, 7720.0], [91125.0, 10000.0], [91122.5, 2220.0], [91120.0, 13400.0], [91117.5, 20000.0], [91110.0, 1800.0], [91107.5, 6000.0], [91100.0, 6650.0], [91097.5, 16160.0], [91095.0, 6000.0], [91085.0, 1800.0], [91082.5, 6000.0], [91077.5, 17860.0], [91075.0, 59530.0], [91072.5, 1800.0], [91070.0, 6000.0], [91062.5, 1800.0]], "asks": [[91142.5, 40.0], [91152.5, 15000.0], [91155.0, 67470.0], [91157.5, 52220.0], [91165.0, 3120.0], [91167.5, 10000.0], [91170.0, 1800.0], [91172.5, 6000.0], [91185.0, 4540.0], [91187.5, 6000.0], [91190.0, 9120.0], [91192.5, 600.0], [91195.0, 3800.0], [91197.5, 6000.0], [91200.0, 22810.0], [91205.0, 61550.0], [91207.5, 6000.0], [91215.0, 1840.0], [91217.5, 6000.0], [91225.0, 1800.0]]}}}
{"jsonrpc": "2.0", "method": "subscription", "params": {"channel": "book.BTC-14MAR25.none.20.100ms", "data": {"timestamp": 1741274567698, "change_id": 91310868495, "instrument_name": "BTC-14MAR25", "bids": [[91267.5, 1260.0], [91265.0, 10100.0], [91262.5, 17390.0], [91245.0, 120.0], [91232.5, 1260.0], [91230.0, 4200.0], [91225.0, 1260.0], [91220.0, 4200.0], [91207.5, 7310.0], [91205.0, 24350.0], [91202.5, 7940.0], [91200.0, 26470.0], [91197.5, 1260.0], [91195.0, 4200.0], [91172.5, 2300.0], [91170.0, 7650.0], [91167.5, 1260.0], [91165.0, 4200.0], [91150.0, 5750.0], [91147.5, 14950.0]], "asks": [[91282.5, 2600.0], [91285.0, 2600.0], [91287.5, 2620.0], [91290.0, 900.0], [91292.5, 2600.0], [91300.0, 19600.0], [91302.5, 67390.0], [91305.0, 17580.0], [91307.5, 54400.0], [91310.0, 4200.0], [91317.5, 4000.0], [91320.0, 13330.0], [91327.5, 1260.0], [91330.0, 4200.0], [91337.5, 5790.0], [91340.0, 19290.0], [91347.5, 1260.0], [91350.0, 4800.0], [91352.5, 2000.0], [91357.5, 1270.0]]}}}
{"jsonrpc": "2.0", "method": "subscription", "params": {"channel": "book.BTC-7MAR25.none.20.100ms", "data": {"timestamp": 1741274568010, "change_id": 91310870099, "instrument_name": "BTC-7MAR25", "bids": [[91140.0, 1610.0], [91137.5, 1720.0], [91135.0, 11600.0], [91130.0, 7400.0], [91127.5, 1600.0], [91112.5, 6000.0], [91097.5, 16160.0], [91095.0, 6000.0], [91092.5, 59530.0], [91082.5, 6000.0], [91070.0, 6000.0], [91060.0, 6000.0], [91042.5, 6000.0], [91040.0, 60710.0], [91032.5, 6000.0], [91007.5, 6000.0], [90997.5, 6000.0], [90995.0, 50.0], [90987.5, 6000.0], [90975.0, 6000.0]], "asks": [[91142.5, 40.0], [91170.0, 7400.0], [91175.0, 50000.0], [91177.5, 44940.0], [91180.0, 10000.0], [91187.5, 6000.0], [91190.0, 9120.0], [91197.5, 6000.0], [91200.0, 16120.0], [91205.0, 59750.0], [91207.5, 6000.0], [91215.0, 40.0], [91217.5, 6000.0], [91225.0, 2000.0], [91227.5, 6000.0], [91247.5, 6000.0], [91252.5, 60780.0], [91257.5, 6000.0], [91277.5, 6000.0], [91287.5, 6040.0]]}}}
{"jsonrpc": "2.0", "method": "subscription", "params": {"channel": "book.BTC-14MAR25.none.20.100ms", "data": {"timestamp": 1741274568025, "change_id": 91310870073, "instrument_name": "BTC-14MAR25", "bids": [[91265.0, 4200.0], [91262.5, 10000.0], [91257.5, 120.0], [91230.0, 4200.0], [91220.0, 4200.0], [91205.0, 24350.0], [91200.0, 26470.0], [91195.0, 4200.0], [91185.0, 4200.0], [91182.5, 7650.0], [91165.0, 4200.0], [91160.0, 14950.0], [91145.0, 4200.0], [91142.5, 20.0], [91135.0, 4200.0], [91125.0, 4200.0], [91115.0, 4200.0], [91100.0, 4200.0], [91077.5, 4200.0], [91075.0, 22600.0]], "asks": [[91282.5, 2600.0], [91285.0, 2600.0], [91287.5, 2620.0], [91292.5, 2600.0], [91305.0, 120.0], [91315.0, 17390.0], [91320.0, 13330.0], [91327.5, 50000.0], [91330.0, 29110.0], [91340.0, 19290.0], [91350.0, 4200.0], [91360.0, 4220.0], [91380.0, 2000.0], [91397.5, 4200.0], [91407.5, 4200.0], [91410.0, 22760.0], [91417.5, 4200.0], [91432.5, 4220.0], [91437.5, 105000.0], [91442.5, 4200.0]]}}}
{"jsonrpc": "2.0", "method": "subscription", "params": {"channel": "book.BTC-7MAR25.none.20.100ms", "data": {"timestamp": 1741274568364, "change_id": 91310872307, "instrument_name": "BTC-7MAR25", "bids": [[91130.0, 10.0], [91125.0, 24560.0], [91122.5, 16120.0], [91117.5, 7400.0], [91115.0, 20000.0], [91097.5, 16160.0], [91095.0, 6000.0], [91092.5, 59530.0], [91070.0, 6000.0], [91060.0, 6000.0], [91042.5, 6000.0], [91040.0, 60710.0], [91032.5, 6000.0], [91007.5, 6000.0], [90997.5, 6000.0], [90995.0, 50.0], [90987.5, 6000.0], [90975.0, 6000.0], [90965.0, 67780.0], [90945.0, 6000.0]], "asks": [[91132.5, 10.0], [91137.5, 1600.0], [91142.5, 40.0], [91157.5, 1600.0], [91160.0, 7400.0], [91172.5, 6000.0], [91175.0, 50000.0], [91177.5, 44940.0], [91180.0, 10000.0], [91187.5, 6000.0], [91190.0, 9120.0], [91197.5, 6000.0], [91200.0, 16120.0], [91205.0, 59750.0], [91207.5, 6000.0], [91215.0, 40.0], [91217.5, 6000.0], [91225.0, 2000.0], [91247.5, 6000.0], [91252.5, 60780.0]]}}}
{"jsonrpc": "2.0", "method": "subscription", "params": {"channel": "book.BTC-14MAR25.none.20.100ms", "data": {"timestamp": 1741274568365, "change_id": 91310872321, "instrument_name": "BTC-14MAR25", "bids": [[91262.5, 1260.0], [91260.0, 9420.0], [91257.5, 17390.0], [91245.0, 120.0], [91235.0, 1260.0], [91232.5, 4200.0], [91222.5, 1260.0], [91220.0, 4200.0], [91207.5, 7310.0], [91205.0, 24350.0], [91202.5, 7940.0], [91200.0, 26470.0], [91197.5, 1260.0], [91195.0, 4200.0], [91187.5, 1260.0], [91185.0, 4200.0], [91172.5, 2300.0], [91170.0, 7650.0], [91167.5, 1260.0], [91165.0, 4200.0]], "asks": [[91285.0, 2600.0], [91287.5, 20.0], [91300.0, 3510.0], [91302.5, 11590.0], [91305.0, 120.0], [91312.5, 3000.0], [91315.0, 10000.0], [91317.5, 4000.0], [91320.0, 13330.0], [91322.5, 50000.0], [91325.0, 23730.0], [91330.0, 29110.0], [91337.5, 5790.0], [91340.0, 19290.0], [91347.5, 1260.0], [91350.0, 4200.0], [91357.5, 1270.0], [91360.0, 4220.0], [91377.5, 600.0], [91380.0, 2000.0]]}}}
{"jsonrpc": "2.0", "method": "subscription", "params": {"channel": "book.BTC-7MAR25.none.20.100ms", "data": {"timestamp": 1741274568686, "change_id": 91310873730, "instrument_name": "BTC-7MAR25", "bids": [[91135.0, 10.0], [91130.0, 480.0], [91127.5, 1600.0], [91125.0, 3040.0], [91122.5, 10120.0], [91120.0, 8220.0], [91117.5, 7400.0], [91115.0, 20000.0], [91105.0, 4830.0], [91102.5, 16110.0], [91100.0, 1800.0], [91095.0, 23860.0], [91092.5, 59530.0], [91087.5, 1800.0], [91085.0, 6000.0], [91072.5, 1800.0], [91070.0, 6000.0], [91062.5, 1800.0], [91060.0, 6000.0], [91042.5, 24210.0]], "asks": [[91137.5, 1610.0], [91142.5, 40.0], [91157.5, 3820.0], [91160.0, 7400.0], [91167.5, 120.0], [91172.5, 21000.0], [91175.0, 66480.0], [91177.5, 44820.0], [91180.0, 10000.0], [91185.0, 4540.0], [91187.5, 6000.0], [91190.0, 9120.0], [91195.0, 6640.0], [91197.5, 6000.0], [91200.0, 16120.0], [91202.5, 17930.0], [91205.0, 61550.0], [91207.5, 6000.0], [91215.0, 1840.0], [91217.5, 6000.0]]}}}
{"jsonrpc": "2.0", "method": "subscription", "params": {"channel": "book.BTC-14MAR25.none.20.100ms", "data": {"timestamp": 1741274568646, "change_id": 91310873499, "instrument_name": "BTC-14MAR25", "bids": [[91265.0, 1260.0], [91262.5, 4200.0], [91260.0, 5220.0], [91257.5, 17390.0], [91245.0, 120.0], [91235.0, 1260.0], [91232.5, 4200.0], [91230.0, 24630.0], [91227.5, 107360.0], [91222.5, 1260.0], [91220.0, 4200.0], [91202.5, 7940.0], [91200.0, 26470.0], [91197.5, 1260.0], [91195.0, 4200.0], [91187.5, 1260.0], [91185.0, 4200.0], [91172.5, 2300.0], [91170.0, 7650.0], [91167.5, 1260.0]], "asks": [[91280.0, 6800.0], [91282.5, 6800.0], [91285.0, 2600.0], [91287.5, 20.0], [91295.0, 120.0], [91300.0, 3510.0], [91302.5, 11590.0], [91312.5, 3000.0], [91315.0, 10000.0], [91317.5, 4000.0], [91320.0, 28330.0], [91322.5, 50000.0], [91327.5, 8730.0], [91330.0, 29110.0], [91337.5, 5790.0], [91340.0, 19290.0], [91347.5, 1260.0], [91350.0, 4200.0], [91357.5, 1270.0], [91360.0, 4220.0]]}}}
