{"jsonrpc": "2.0", "method": "subscription", "params": {"channel": "book.BTC-14FEB25.none.20.100ms", "data": {"timestamp": 1738772074038, "change_id": 86957268509, "instrument_name": "BTC-14FEB25", "bids": [[97805.0, 760.0], [97802.5, 2490.0], [97797.5, 1650.0], [97795.0, 5500.0], [97790.0, 5010.0], [97787.5, 11100.0], [97785.0, 5520.0], [97775.0, 5500.0], [97770.0, 2470.0], [97765.0, 5520.0], [97762.5, 50000.0], [97750.0, 5500.0], [97745.0, 20.0], [97740.0, 5500.0], [97737.5, 2000.0], [97730.0, 5500.0], [97725.0, 20.0], [97722.5, 10.0], [97710.0, 5500.0], [97705.0, 20.0]], "asks": [[97830.0, 740.0], [97832.5, 2470.0], [97840.0, 4660.0], [97842.5, 15520.0], [97852.5, 1650.0], [97855.0, 5500.0], [97860.0, 2470.0], [97862.5, 20.0], [97872.5, 5500.0], [97882.5, 5520.0], [97890.0, 20.0], [97892.5, 5500.0], [97902.5, 5520.0], [97907.5, 2000.0], [97915.0, 5500.0], [97920.0, 20.0], [97925.0, 36380.0], [97940.0, 5520.0], [97950.0, 7500.0], [97960.0, 20.0]]}}}
{"jsonrpc": "2.0", "method": "subscription", "params": {"channel": "book.BTC-7FEB25.none.20.100ms", "data": {"timestamp": 1738772073983, "change_id": 86957268322, "instrument_name": "BTC-7FEB25", "bids": [[97727.5, 33570.0], [97725.0, 780.0], [97722.5, 2590.0], [97720.0, 2110.0], [97717.5, 7000.0], [97715.0, 20.0], [97712.5, 780.0], [97710.0, 2590.0], [97707.5, 28010.0], [97705.0, 70040.0], [97702.5, 10000.0], [97700.0, 10.0], [97697.5, 7000.0], [97692.5, 20.0], [97685.0, 40.0], [97680.0, 7490.0], [97670.0, 7000.0], [97667.5, 50.0], [97660.0, 7010.0], [97652.5, 2100.0]], "asks": [[97730.0, 2500.0], [97740.0, 2910.0], [97742.5, 10000.0], [97745.0, 40.0], [97747.5, 780.0], [97750.0, 2590.0], [97760.0, 10.0], [97762.5, 2110.0], [97765.0, 7040.0], [97770.0, 2590.0], [97775.0, 7000.0], [97780.0, 10.0], [97785.0, 7040.0], [97792.5, 2120.0], [97795.0, 7000.0], [97800.0, 10.0], [97802.5, 40.0], [97817.5, 7000.0], [97820.0, 10.0], [97822.5, 40.0]]}}}
{"jsonrpc": "2.0", "method": "subscription", "params": {"channel": "book.BTC-14FEB25.none.20.100ms", "data": {"timestamp": 1738772074287, "change_id": 86957268941, "instrument_name": "BTC-14FEB25", "bids": [[97805.0, 760.0], [97802.5, 2490.0], [97797.5, 20790.0], [97795.0, 69990.0], [97790.0, 5010.0], [97787.5, 11100.0], [97785.0, 5520.0], [97775.0, 5500.0], [97770.0, 2470.0], [97765.0, 5520.0], [97762.5, 50000.0], [97750.0, 5500.0], [97745.0, 20.0], [97740.0, 5500.0], [97737.5, 2000.0], [97730.0, 5500.0], [97725.0, 20.0], [97722.5, 10.0], [97710.0, 5500.0], [97705.0, 20.0]], "asks": [[97827.5, 3000.0], [97830.0, 10740.0], [97832.5, 2470.0], [97840.0, 1660.0], [97842.5, 5520.0], [97852.5, 1650.0], [97855.0, 5500.0], [97860.0, 2470.0], [97862.5, 20.0], [97872.5, 5500.0], [97882.5, 5520.0], [97890.0, 20.0], [97892.5, 5500.0], [97902.5, 5520.0], [97907.5, 2000.0], [97915.0, 5500.0], [97920.0, 20.0], [97925.0, 36380.0], [97940.0, 5520.0], [97950.0, 7500.0]]}}}
{"jsonrpc": "2.0", "method": "subscription", "params": {"channel": "book.BTC-7FEB25.none.20.100ms", "data": {"timestamp": 1738772074375, "change_id": 86957269003, "instrument_name": "BTC-7FEB25", "bids": [[97727.5, 37570.0], [97725.0, 780.0], [97722.5, 2590.0], [97720.0, 2110.0], [97717.5, 7000.0], [97715.0, 20.0], [97712.5, 780.0], [97710.0, 2590.0], [97707.5, 28010.0], [97705.0, 70040.0], [97702.5, 10000.0], [97700.0, 64440.0], [97697.5, 7000.0], [97692.5, 20.0], [97685.0, 40.0], [97680.0, 7490.0], [97670.0, 7000.0], [97667.5, 50.0], [97660.0, 7010.0], [97652.5, 2100.0]], "asks": [[97730.0, 2500.0], [97737.5, 1200.0], [97740.0, 6910.0], [97742.5, 10000.0], [97745.0, 40.0], [97747.5, 780.0], [97750.0, 2590.0], [97760.0, 10.0], [97762.5, 2110.0], [97765.0, 7040.0], [97770.0, 2590.0], [97775.0, 7000.0], [97780.0, 10.0], [97785.0, 7040.0], [97792.5, 2120.0], [97795.0, 7000.0], [97800.0, 10.0], [97802.5, 40.0], [97817.5, 7000.0], [97820.0, 10.0]]}}}
{"jsonrpc": "2.0", "method": "subscription", "params": {"channel": "book.BTC-14FEB25.none.20.100ms", "data": {"timestamp": 1738772074538, "change_id": 86957269562, "instrument_name": "BTC-14FEB25", "bids": [[97805.0, 760.0], [97802.5, 2490.0], [97800.0, 36000.0], [97797.5, 50000.0], [97795.0, 69990.0], [97790.0, 5010.0], [97787.5, 11100.0], [97785.0, 5520.0], [97775.0, 5500.0], [97770.0, 2470.0], [97767.5, 1660.0], [97765.0, 5520.0], [97752.5, 7650.0], [97750.0, 5500.0], [97745.0, 20.0], [97740.0, 5500.0], [97737.5, 2000.0], [97732.5, 1650.0], [97730.0, 5500.0], [97725.0, 20.0]], "asks": [[97827.5, 3000.0], [97830.0, 10740.0], [97832.5, 2470.0], [97840.0, 1660.0], [97842.5, 5520.0], [97852.5, 1650.0], [97855.0, 5500.0], [97860.0, 2470.0], [97862.5, 20.0], [97870.0, 1650.0], [97872.5, 5500.0], [97882.5, 5520.0], [97890.0, 20.0], [97892.5, 5500.0], [97900.0, 1660.0], [97902.5, 5520.0], [97907.5, 2000.0], [97915.0, 5500.0], [97920.0, 20.0], [97925.0, 36380.0]]}}}
{"jsonrpc": "2.0", "method": "subscription", "params": {"channel": "book.BTC-7FEB25.none.20.100ms", "data": {"timestamp": 1738772074524, "change_id": 86957269524, "instrument_name": "BTC-7FEB25", "bids": [[97727.5, 33570.0], [97725.0, 780.0], [97722.5, 2590.0], [97720.0, 2110.0], [97717.5, 7000.0], [97715.0, 20.0], [97712.5, 780.0], [97710.0, 2590.0], [97707.5, 28010.0], [97705.0, 70040.0], [97702.5, 10000.0], [97700.0, 64440.0], [97697.5, 7000.0], [97692.5, 20.0], [97685.0, 40.0], [97680.0, 7490.0], [97670.0, 7000.0], [97667.5, 50.0], [97660.0, 7010.0], [97652.5, 2100.0]], "asks": [[97730.0, 2500.0], [97737.5, 1200.0], [97740.0, 6910.0], [97742.5, 10000.0], [97745.0, 40.0], [97747.5, 780.0], [97750.0, 2590.0], [97760.0, 10.0], [97762.5, 2110.0], [97765.0, 7040.0], [97770.0, 2590.0], [97775.0, 7000.0], [97780.0, 10.0], [97785.0, 7040.0], [97792.5, 2120.0], [97795.0, 7000.0], [97800.0, 10.0], [97802.5, 40.0], [97817.5, 7000.0], [97820.0, 10.0]]}}}
{"jsonrpc": "2.0", "method": "subscription", "params": {"channel": "book.BTC-7FEB25.none.20.100ms", "data": {"timestamp": 1738772074780, "change_id": 86957269973, "instrument_name": "BTC-7FEB25", "bids": [[97727.5, 33570.0], [97725.0, 780.0], [97722.5, 2590.0], [97720.0, 6440.0], [97717.5, 22320.0], [97715.0, 20.0], [97712.5, 780.0], [97710.0, 2590.0], [97707.5, 28010.0], [97705.0, 70040.0], [97702.5, 10000.0], [97700.0, 64440.0], [97697.5, 7000.0], [97692.5, 20.0], [97685.0, 40.0], [97680.0, 7490.0], [97670.0, 7000.0], [97667.5, 50.0], [97660.0, 7010.0], [97652.5, 2100.0]], "asks": [[97730.0, 2500.0], [97737.5, 1200.0], [97740.0, 6910.0], [97742.5, 10000.0], [97745.0, 40.0], [97747.5, 780.0], [97750.0, 2590.0], [97760.0, 10.0], [97762.5, 2110.0], [97765.0, 7040.0], [97770.0, 2590.0], [97775.0, 7000.0], [97780.0, 10.0], [97785.0, 7040.0], [97792.5, 2120.0], [97795.0, 7000.0], [97800.0, 10.0], [97802.5, 40.0], [97817.5, 7000.0], [97820.0, 10.0]]}}}
{"jsonrpc": "2.0", "method": "subscription", "params": {"channel": "book.BTC-14FEB25.none.20.100ms", "data": {"timestamp": 1738772075142, "change_id": 86957270476, "instrument_name": "BTC-14FEB25", "bids": [[97805.0, 760.0], [97802.5, 2490.0], [97800.0, 36000.0], [97797.5, 50000.0], [97795.0, 69990.0], [97790.0, 5010.0], [97787.5, 10000.0], [97785.0, 5520.0], [97775.0, 5500.0], [97770.0, 2470.0], [97767.5, 1660.0], [97765.0, 5520.0], [97752.5, 7650.0], [97750.0, 5500.0], [97745.0, 20.0], [97740.0, 5500.0], [97737.5, 2000.0], [97732.5, 1650.0], [97730.0, 5500.0], [97725.0, 20.0]], "asks": [[97827.5, 3000.0], [97830.0, 10740.0], [97832.5, 2470.0], [97840.0, 1660.0], [97842.5, 5520.0], [97852.5, 1650.0], [97855.0, 5500.0], [97860.0, 2470.0], [97862.5, 20.0], [97870.0, 1650.0], [97872.5, 5500.0], [97882.5, 5520.0], [97890.0, 20.0], [97892.5, 5500.0], [97900.0, 1660.0], [97902.5, 5520.0], [97907.5, 2000.0], [97915.0, 5500.0], [97920.0, 20.0], [97925.0, 36380.0]]}}}
{"jsonrpc": "2.0", "method": "subscription", "params": {"channel": "book.BTC-7FEB25.none.20.100ms", "data": {"timestamp": 1738772075363, "change_id": 86957270570, "instrument_name": "BTC-7FEB25", "bids": [[97727.5, 33570.0], [97725.0, 780.0], [97722.5, 2590.0], [97720.0, 6440.0], [97717.5, 22320.0], [97715.0, 20.0], [97712.5, 780.0], [97710.0, 2590.0], [97707.5, 28010.0], [97705.0, 70040.0], [97702.5, 29330.0], [97700.0, 64440.0], [97697.5, 7000.0], [97692.5, 20.0], [97685.0, 40.0], [97680.0, 7490.0], [97672.5, 2100.0], [97670.0, 7000.0], [97667.5, 50.0], [97660.0, 7010.0]], "asks": [[97730.0, 6100.0], [97737.5, 1200.0], [97740.0, 6910.0], [97742.5, 10000.0], [97745.0, 40.0], [97747.5, 780.0], [97750.0, 2590.0], [97760.0, 10.0], [97762.5, 2110.0], [97765.0, 7040.0], [97770.0, 2590.0], [97775.0, 7000.0], [97780.0, 10.0], [97782.5, 2110.0], [97785.0, 7040.0], [97792.5, 2120.0], [97795.0, 7000.0], [97800.0, 10.0], [97802.5, 40.0], [97817.5, 7000.0]]}}}
{"jsonrpc": "2.0", "method": "subscription", "params": {"channel": "book.BTC-7FEB25.none.20.100ms", "data": {"timestamp": 1738772075420, "change_id": 86957270693, "instrument_name": "BTC-7FEB25", "bids": [[97727.5, 33570.0], [97725.0, 780.0], [97722.5, 2590.0], [97720.0, 6440.0], [97717.5, 22320.0], [97715.0, 20.0], [97712.5, 780.0], [97710.0, 2590.0], [97707.5, 28010.0], [97705.0, 70040.0], [97702.5, 29330.0], [97700.0, 64440.0], [97697.5, 7000.0], [97692.5, 20.0], [97685.0, 40.0], [97680.0, 7490.0], [97672.5, 2100.0], [97670.0, 7000.0], [97667.5, 50.0], [97660.0, 7010.0]], "asks": [[97730.0, 2500.0], [97737.5, 1200.0], [97740.0, 6910.0], [97742.5, 10000.0], [97745.0, 40.0], [97747.5, 780.0], [97750.0, 2590.0], [97760.0, 10.0], [97762.5, 2110.0], [97765.0, 7040.0], [97770.0, 2590.0], [97775.0, 7000.0], [97780.0, 10.0], [97782.5, 2110.0], [97785.0, 7040.0], [97792.5, 2120.0], [97795.0, 7000.0], [97800.0, 10.0], [97802.5, 40.0], [97817.5, 7000.0]]}}}
{"jsonrpc": "2.0", "method": "subscription", "params": {"channel": "book.BTC-14FEB25.none.20.100ms", "data": {"timestamp": 1738772075960, "change_id": 86957271480, "instrument_name": "BTC-14FEB25", "bids": [[97807.5, 740.0], [97805.0, 2480.0], [97802.5, 20.0], [97800.0, 36000.0], [97797.5, 50000.0], [97795.0, 69990.0], [97790.0, 5010.0], [97787.5, 10000.0], [97785.0, 5520.0], [97777.5, 1650.0], [97775.0, 5500.0], [97770.0, 2470.0], [97767.5, 1660.0], [97765.0, 5520.0], [97752.5, 7650.0], [97750.0, 5500.0], [97745.0, 20.0], [97742.5, 1650.0], [97740.0, 5500.0], [97737.5, 2000.0]], "asks": [[97827.5, 3000.0], [97830.0, 10740.0], [97832.5, 2470.0], [97840.0, 1660.0], [97842.5, 5520.0], [97852.5, 1650.0], [97855.0, 5500.0], [97857.5, 740.0], [97860.0, 2470.0], [97862.5, 20.0], [97870.0, 1650.0], [97872.5, 5500.0], [97882.5, 5520.0], [97890.0, 1670.0], [97892.5, 5500.0], [97900.0, 1660.0], [97902.5, 5520.0], [97907.5, 2000.0], [97915.0, 5500.0], [97920.0, 20.0]]}}}
{"jsonrpc": "2.0", "method": "subscription", "params": {"channel": "book.BTC-7FEB25.none.20.100ms", "data": {"timestamp": 1738772075960, "change_id": 86957271481, "instrument_name": "BTC-7FEB25", "bids": [[97727.5, 33570.0], [97725.0, 2590.0], [97720.0, 6440.0], [97717.5, 22320.0], [97715.0, 20.0], [97712.5, 780.0], [97710.0, 2590.0], [97707.5, 28010.0], [97705.0, 70040.0], [97702.5, 29330.0], [97700.0, 64440.0], [97697.5, 7000.0], [97692.5, 20.0], [97685.0, 40.0], [97680.0, 7490.0], [97672.5, 2100.0], [97670.0, 7000.0], [97667.5, 50.0], [97660.0, 7010.0], [97652.5, 2100.0]], "asks": [[97730.0, 2500.0], [97737.5, 1200.0], [97740.0, 6910.0], [97742.5, 10000.0], [97745.0, 40.0], [97747.5, 780.0], [97750.0, 2590.0], [97760.0, 10.0], [97762.5, 2110.0], [97765.0, 7040.0], [97770.0, 2590.0], [97775.0, 7000.0], [97780.0, 10.0], [97782.5, 2110.0], [97785.0, 7040.0], [97792.5, 2120.0], [97795.0, 7000.0], [97800.0, 10.0], [97802.5, 40.0], [97817.5, 7000.0]]}}}
{"jsonrpc": "2.0", "method": "subscription", "params": {"channel": "book.BTC-14FEB25.none.20.100ms", "data": {"timestamp": 1738772076149, "change_id": 86957271770, "instrument_name": "BTC-14FEB25", "bids": [[97807.5, 740.0], [97805.0, 2480.0], [97802.5, 20.0], [97800.0, 36000.0], [97797.5, 50000.0], [97795.0, 69990.0], [97790.0, 5010.0], [97787.5, 10000.0], [97785.0, 5520.0], [97777.5, 1650.0], [97775.0, 5500.0], [97770.0, 2470.0], [97767.5, 1660.0], [97765.0, 5520.0], [97752.5, 7650.0], [97750.0, 5500.0], [97745.0, 20.0], [97742.5, 1650.0], [97740.0, 5500.0], [97737.5, 2000.0]], "asks": [[97830.0, 740.0], [97832.5, 2470.0], [97840.0, 4450.0], [97842.5, 15520.0], [97852.5, 1650.0], [97855.0, 5500.0], [97857.5, 740.0], [97860.0, 2470.0], [97862.5, 20.0], [97870.0, 1650.0], [97872.5, 5500.0], [97882.5, 5520.0], [97890.0, 1670.0], [97892.5, 5500.0], [97900.0, 1660.0], [97902.5, 5520.0], [97907.5, 2000.0], [97915.0, 5500.0], [97920.0, 20.0], [97922.5, 10910.0]]}}}
{"jsonrpc": "2.0", "method": "subscription", "params": {"channel": "book.BTC-7FEB25.none.20.100ms", "data": {"timestamp": 1738772076354, "change_id": 86957272120, "instrument_name": "BTC-7FEB25", "bids": [[97727.5, 37570.0], [97725.0, 2590.0], [97720.0, 6440.0], [97717.5, 22320.0], [97715.0, 20.0], [97712.5, 780.0], [97710.0, 2590.0], [97707.5, 28010.0], [97705.0, 70040.0], [97702.5, 29330.0], [97700.0, 64440.0], [97697.5, 7000.0], [97692.5, 20.0], [97685.0, 40.0], [97682.5, 2250.0], [97680.0, 7490.0], [97672.5, 2100.0], [97670.0, 7000.0], [97667.5, 50.0], [97660.0, 7010.0]], "asks": [[97730.0, 2500.0], [97740.0, 10.0], [97745.0, 40.0], [97747.5, 780.0], [97750.0, 2590.0], [97760.0, 10.0], [97762.5, 12110.0], [97765.0, 7040.0], [97770.0, 2590.0], [97772.5, 2100.0], [97775.0, 7000.0], [97780.0, 10.0], [97782.5, 2110.0], [97785.0, 7040.0], [97792.5, 2120.0], [97795.0, 7000.0], [97800.0, 10.0], [97802.5, 40.0], [97815.0, 2100.0], [97817.5, 7000.0]]}}}
{"jsonrpc": "2.0", "method": "subscription", "params": {"channel": "book.BTC-14FEB25.none.20.100ms", "data": {"timestamp": 1738772076677, "change_id": 86957272636, "instrument_name": "BTC-14FEB25", "bids": [[97807.5, 4840.0], [97805.0, 12480.0], [97802.5, 20.0], [97800.0, 36000.0], [97797.5, 50000.0], [97795.0, 69990.0], [97790.0, 1680.0], [97785.0, 5520.0], [97777.5, 1650.0], [97775.0, 5500.0], [97770.0, 2470.0], [97767.5, 1660.0], [97765.0, 5520.0], [97752.5, 7650.0], [97750.0, 5500.0], [97745.0, 20.0], [97742.5, 1650.0], [97740.0, 5500.0], [97737.5, 2000.0], [97732.5, 1650.0]], "asks": [[97832.5, 2760.0], [97835.0, 10000.0], [97840.0, 1660.0], [97842.5, 5520.0], [97852.5, 1650.0], [97855.0, 5500.0], [97857.5, 740.0], [97860.0, 2470.0], [97862.5, 20.0], [97870.0, 1650.0], [97872.5, 5500.0], [97882.5, 5520.0], [97890.0, 1670.0], [97892.5, 5500.0], [97900.0, 1660.0], [97902.5, 5520.0], [97907.5, 2000.0], [97915.0, 5500.0], [97920.0, 20.0], [97922.5, 10910.0]]}}}
{"jsonrpc": "2.0", "method": "subscription", "params": {"channel": "book.BTC-7FEB25.none.20.100ms", "data": {"timestamp": 1738772076632, "change_id": 86957272556, "instrument_name": "BTC-7FEB25", "bids": [[97727.5, 37570.0], [97725.0, 2590.0], [97720.0, 6440.0], [97717.5, 22320.0], [97715.0, 20.0], [97712.5, 780.0], [97710.0, 2590.0], [97707.5, 28010.0], [97705.0, 70040.0], [97702.5, 29330.0], [97700.0, 64440.0], [97697.5, 7000.0], [97692.5, 20.0], [97685.0, 40.0], [97682.5, 2250.0], [97680.0, 7490.0], [97672.5, 2100.0], [97670.0, 7000.0], [97667.5, 50.0], [97660.0, 7010.0]], "asks": [[97730.0, 2500.0], [97740.0, 10.0], [97745.0, 40.0], [97760.0, 5120.0], [97762.5, 10000.0], [97765.0, 7040.0], [97770.0, 2590.0], [97772.5, 2100.0], [97775.0, 7000.0], [97780.0, 10.0], [97782.5, 2110.0], [97785.0, 7040.0], [97792.5, 2120.0], [97795.0, 7000.0], [97800.0, 10.0], [97802.5, 40.0], [97815.0, 2100.0], [97817.5, 7000.0], [97820.0, 10.0], [97822.5, 40.0]]}}}
{"jsonrpc": "2.0", "method": "subscription", "params": {"channel": "book.BTC-14FEB25.none.20.100ms", "data": {"timestamp": 1738772077035, "change_id": 86957273462, "instrument_name": "BTC-14FEB25", "bids": [[97822.5, 740.0], [97820.0, 2470.0], [97815.0, 330.0], [97812.5, 1100.0], [97807.5, 4650.0], [97805.0, 15510.0], [97802.5, 20.0], [97800.0, 36000.0], [97797.5, 50000.0], [97795.0, 69990.0], [97790.0, 20.0], [97785.0, 5520.0], [97775.0, 5500.0], [97770.0, 2470.0], [97765.0, 5520.0], [97752.5, 7650.0], [97750.0, 5500.0], [97745.0, 20.0], [97740.0, 5500.0], [97737.5, 2000.0]], "asks": [[97837.5, 10000.0], [97842.5, 20.0], [97857.5, 5500.0], [97860.0, 2470.0], [97862.5, 20.0], [97872.5, 5500.0], [97882.5, 5520.0], [97890.0, 20.0], [97892.5, 5500.0], [97902.5, 5520.0], [97907.5, 2000.0], [97915.0, 5500.0], [97920.0, 20.0], [97925.0, 36380.0], [97940.0, 5520.0], [97950.0, 7500.0], [97960.0, 20.0], [97977.5, 5500.0], [97980.0, 20.0], [97997.5, 5500.0]]}}}
{"jsonrpc": "2.0", "method": "subscription", "params": {"channel": "book.BTC-7FEB25.none.20.100ms", "data": {"timestamp": 1738772077034, "change_id": 86957273453, "instrument_name": "BTC-7FEB25", "bids": [[97727.5, 37570.0], [97725.0, 2590.0], [97720.0, 6440.0], [97717.5, 22320.0], [97715.0, 20.0], [97712.5, 780.0], [97710.0, 2590.0], [97707.5, 28010.0], [97705.0, 70040.0], [97702.5, 29330.0], [97700.0, 64440.0], [97697.5, 7000.0], [97692.5, 20.0], [97685.0, 40.0], [97682.5, 2250.0], [97680.0, 7490.0], [97672.5, 2100.0], [97670.0, 7000.0], [97667.5, 50.0], [97660.0, 7010.0]], "asks": [[97730.0, 2500.0], [97740.0, 10.0], [97745.0, 40.0], [97760.0, 5120.0], [97762.5, 12590.0], [97765.0, 7040.0], [97775.0, 7000.0], [97780.0, 10.0], [97785.0, 7040.0], [97792.5, 20.0], [97795.0, 7000.0], [97800.0, 2600.0], [97802.5, 40.0], [97815.0, 2100.0], [97817.5, 7000.0], [97820.0, 10.0], [97822.5, 40.0], [97825.0, 2000.0], [97827.5, 2000.0], [97830.0, 7000.0]]}}}
{"jsonrpc": "2.0", "method": "subscription", "params": {"channel": "book.BTC-14FEB25.none.20.100ms", "data": {"timestamp": 1738772077163, "change_id": 86957273752, "instrument_name": "BTC-14FEB25", "bids": [[97822.5, 740.0], [97820.0, 2470.0], [97807.5, 4650.0], [97805.0, 15510.0], [97802.5, 20.0], [97800.0, 36000.0], [97797.5, 50000.0], [97795.0, 69990.0], [97790.0, 20.0], [97787.5, 1660.0], [97785.0, 5520.0], [97777.5, 1650.0], [97775.0, 5500.0], [97772.5, 740.0], [97770.0, 2470.0], [97767.5, 1660.0], [97765.0, 5520.0], [97755.0, 3950.0], [97752.5, 7650.0], [97750.0, 5500.0]], "asks": [[97835.0, 740.0], [97837.5, 2470.0], [97840.0, 3010.0], [97842.5, 10020.0], [97855.0, 2390.0], [97857.5, 5500.0], [97860.0, 2470.0], [97862.5, 20.0], [97870.0, 1650.0], [97872.5, 5500.0], [97880.0, 1660.0], [97882.5, 5520.0], [97890.0, 20.0], [97892.5, 5500.0], [97900.0, 1660.0], [97902.5, 5520.0], [97907.5, 2000.0], [97915.0, 5500.0], [97920.0, 20.0], [97925.0, 36380.0]]}}}
{"jsonrpc": "2.0", "method": "subscription", "params": {"channel": "book.BTC-7FEB25.none.20.100ms", "data": {"timestamp": 1738772077342, "change_id": 86957273954, "instrument_name": "BTC-7FEB25", "bids": [[97727.5, 37570.0], [97725.0, 2590.0], [97720.0, 6440.0], [97717.5, 22320.0], [97715.0, 20.0], [97712.5, 780.0], [97710.0, 2590.0], [97707.5, 28010.0], [97705.0, 70040.0], [97702.5, 29330.0], [97700.0, 66540.0], [97697.5, 7000.0], [97692.5, 20.0], [97685.0, 40.0], [97682.5, 2250.0], [97680.0, 7490.0], [97672.5, 2100.0], [97670.0, 7000.0], [97667.5, 50.0], [97662.5, 2100.0]], "asks": [[97730.0, 2500.0], [97740.0, 10.0], [97745.0, 40.0], [97747.5, 1200.0], [97750.0, 4000.0], [97752.5, 780.0], [97755.0, 2590.0], [97760.0, 5120.0], [97762.5, 10000.0], [97765.0, 7040.0], [97775.0, 7000.0], [97780.0, 10.0], [97782.5, 2110.0], [97785.0, 7040.0], [97792.5, 20.0], [97795.0, 7000.0], [97800.0, 2600.0], [97802.5, 40.0], [97815.0, 2100.0], [97817.5, 7000.0]]}}}
{"jsonrpc": "2.0", "method": "subscription", "params": {"channel": "book.BTC-14FEB25.none.20.100ms", "data": {"timestamp": 1738772077607, "change_id": 86957274427, "instrument_name": "BTC-14FEB25", "bids": [[97822.5, 740.0], [97820.0, 2470.0], [97807.5, 4650.0], [97805.0, 15510.0], [97802.5, 20.0], [97797.5, 1650.0], [97795.0, 5500.0], [97790.0, 20.0], [97787.5, 16450.0], [97785.0, 55520.0], [97777.5, 1650.0], [97775.0, 5500.0], [97772.5, 740.0], [97770.0, 2470.0], [97767.5, 3740.0], [97765.0, 13170.0], [97755.0, 1650.0], [97750.0, 5500.0], [97745.0, 20.0], [97742.5, 1650.0]], "asks": [[97835.0, 740.0], [97837.5, 2470.0], [97840.0, 3010.0], [97842.5, 10020.0], [97855.0, 2390.0], [97857.5, 5500.0], [97860.0, 2470.0], [97862.5, 20.0], [97870.0, 1650.0], [97872.5, 5500.0], [97880.0, 1660.0], [97882.5, 5520.0], [97890.0, 1670.0], [97892.5, 5500.0], [97900.0, 1660.0], [97902.5, 5520.0], [97905.0, 600.0], [97907.5, 2000.0], [97912.5, 1650.0], [97915.0, 5500.0]]}}}
{"jsonrpc": "2.0", "method": "subscription", "params": {"channel": "book.BTC-14FEB25.none.20.100ms", "data": {"timestamp": 1738772078011, "change_id": 86957275287, "instrument_name": "BTC-14FEB25", "bids": [[97822.5, 740.0], [97820.0, 2470.0], [97807.5, 13930.0], [97805.0, 48380.0], [97802.5, 20.0], [97797.5, 1650.0], [97795.0, 5500.0], [97790.0, 20.0], [97787.5, 16450.0], [97785.0, 55520.0], [97777.5, 1650.0], [97775.0, 5500.0], [97772.5, 740.0], [97770.0, 2470.0], [97767.5, 3740.0], [97765.0, 13170.0], [97755.0, 1650.0], [97750.0, 5500.0], [97745.0, 20.0], [97742.5, 1650.0]], "asks": [[97835.0, 740.0], [97837.5, 2470.0], [97840.0, 3010.0], [97842.5, 10020.0], [97855.0, 2390.0], [97857.5, 5500.0], [97860.0, 2470.0], [97862.5, 20.0], [97870.0, 1650.0], [97872.5, 5500.0], [97880.0, 1660.0], [97882.5, 5520.0], [97890.0, 1670.0], [97892.5, 5500.0], [97900.0, 1660.0], [97902.5, 5520.0], [97905.0, 600.0], [97907.5, 2000.0], [97912.5, 1650.0], [97915.0, 5500.0]]}}}
{"jsonrpc": "2.0", "method": "subscription", "params": {"channel": "book.BTC-7FEB25.none.20.100ms", "data": {"timestamp": 1738772077897, "change_id": 86957275030, "instrument_name": "BTC-7FEB25", "bids": [[97727.5, 37570.0], [97725.0, 7190.0], [97722.5, 15320.0], [97720.0, 2110.0], [97717.5, 7000.0], [97715.0, 3800.0], [97712.5, 10000.0], [97710.0, 2590.0], [97707.5, 28010.0], [97705.0, 70040.0], [97702.5, 19330.0], [97700.0, 66540.0], [97697.5, 7000.0], [97692.5, 20.0], [97685.0, 40.0], [97682.5, 2250.0], [97680.0, 7490.0], [97672.5, 2100.0], [97670.0, 7000.0], [97667.5, 50.0]], "asks": [[97730.0, 2500.0], [97740.0, 10.0], [97745.0, 40.0], [97747.5, 1200.0], [97750.0, 4000.0], [97752.5, 780.0], [97755.0, 2590.0], [97760.0, 3020.0], [97762.5, 10000.0], [97765.0, 40.0], [97775.0, 7000.0], [97780.0, 10.0], [97782.5, 2110.0], [97785.0, 7040.0], [97792.5, 20.0], [97795.0, 7000.0], [97800.0, 2600.0], [97802.5, 40.0], [97815.0, 2100.0], [97817.5, 7000.0]]}}}
{"jsonrpc": "2.0", "method": "subscription", "params": {"channel": "book.BTC-14FEB25.none.20.100ms", "data": {"timestamp": 1738772078167, "change_id": 86957275423, "instrument_name": "BTC-14FEB25", "bids": [[97822.5, 740.0], [97820.0, 2470.0], [97810.0, 29510.0], [97807.5, 50000.0], [97805.0, 48380.0], [97802.5, 20.0], [97797.5, 1650.0], [97795.0, 5500.0], [97790.0, 20.0], [97787.5, 1660.0], [97785.0, 5520.0], [97777.5, 1650.0], [97775.0, 5500.0], [97772.5, 740.0], [97770.0, 2470.0], [97767.5, 3740.0], [97765.0, 13170.0], [97755.0, 1650.0], [97750.0, 5500.0], [97745.0, 20.0]], "asks": [[97835.0, 740.0], [97837.5, 2470.0], [97840.0, 3010.0], [97842.5, 10020.0], [97855.0, 2390.0], [97857.5, 5500.0], [97860.0, 2470.0], [97862.5, 20.0], [97870.0, 1650.0], [97872.5, 5500.0], [97880.0, 1660.0], [97882.5, 5520.0], [97890.0, 1670.0], [97892.5, 5500.0], [97900.0, 1660.0], [97902.5, 5520.0], [97905.0, 600.0], [97907.5, 2000.0], [97912.5, 1650.0], [97915.0, 5500.0]]}}}
{"jsonrpc": "2.0", "method": "subscription", "params": {"channel": "book.BTC-7FEB25.none.20.100ms", "data": {"timestamp": 1738772078171, "change_id": 86957275607, "instrument_name": "BTC-7FEB25", "bids": [[97727.5, 37570.0], [97725.0, 7190.0], [97722.5, 15320.0], [97720.0, 2110.0], [97717.5, 7000.0], [97715.0, 3800.0], [97712.5, 10000.0], [97710.0, 2590.0], [97707.5, 28010.0], [97705.0, 70040.0], [97700.0, 2110.0], [97697.5, 7000.0], [97692.5, 20.0], [97685.0, 40.0], [97682.5, 2250.0], [97680.0, 7490.0], [97672.5, 2100.0], [97670.0, 7000.0], [97667.5, 50.0], [97662.5, 2100.0]], "asks": [[97730.0, 2500.0], [97740.0, 10.0], [97745.0, 40.0], [97747.5, 1200.0], [97750.0, 4000.0], [97752.5, 780.0], [97755.0, 2590.0], [97757.5, 2100.0], [97760.0, 10020.0], [97762.5, 10000.0], [97765.0, 40.0], [97772.5, 2100.0], [97775.0, 7000.0], [97780.0, 10.0], [97782.5, 2110.0], [97785.0, 7040.0], [97792.5, 20.0], [97795.0, 7000.0], [97800.0, 2600.0], [97802.5, 40.0]]}}}
{"jsonrpc": "2.0", "method": "subscription", "params": {"channel": "book.BTC-7FEB25.none.20.100ms", "data": {"timestamp": 1738772078492, "change_id": 86957276179, "instrument_name": "BTC-7FEB25", "bids": [[97727.5, 37570.0], [97725.0, 7190.0], [97722.5, 15320.0], [97720.0, 2110.0], [97717.5, 7000.0], [97715.0, 15120.0], [97712.5, 10000.0], [97710.0, 41920.0], [97707.5, 28010.0], [97705.0, 70040.0], [97700.0, 2110.0], [97697.5, 7000.0], [97692.5, 20.0], [97685.0, 40.0], [97682.5, 2250.0], [97680.0, 7490.0], [97672.5, 2100.0], [97670.0, 7000.0], [97667.5, 50.0], [97662.5, 2100.0]], "asks": [[97730.0, 2500.0], [97740.0, 10.0], [97745.0, 40.0], [97747.5, 1200.0], [97750.0, 4000.0], [97757.5, 2100.0], [97760.0, 10020.0], [97762.5, 12590.0], [97765.0, 40.0], [97772.5, 2100.0], [97775.0, 7000.0], [97780.0, 10.0], [97782.5, 2110.0], [97785.0, 7040.0], [97792.5, 20.0], [97795.0, 7000.0], [97800.0, 2600.0], [97802.5, 40.0], [97815.0, 2100.0], [97817.5, 7000.0]]}}}
{"jsonrpc": "2.0", "method": "subscription", "params": {"channel": "book.BTC-14FEB25.none.20.100ms", "data": {"timestamp": 1738772078957, "change_id": 86957276787, "instrument_name": "BTC-14FEB25", "bids": [[97812.5, 11100.0], [97810.0, 29510.0], [97807.5, 50000.0], [97805.0, 38380.0], [97802.5, 20.0], [97800.0, 2470.0], [97797.5, 1650.0], [97795.0, 5500.0], [97790.0, 20.0], [97787.5, 1660.0], [97785.0, 5520.0], [97777.5, 1650.0], [97775.0, 5500.0], [97772.5, 740.0], [97770.0, 2470.0], [97767.5, 1660.0], [97765.0, 13170.0], [97750.0, 5500.0], [97745.0, 20.0], [97742.5, 1650.0]], "asks": [[97835.0, 740.0], [97837.5, 2470.0], [97840.0, 3010.0], [97842.5, 10020.0], [97855.0, 2390.0], [97857.5, 5500.0], [97860.0, 2470.0], [97862.5, 20.0], [97870.0, 1650.0], [97872.5, 5500.0], [97880.0, 1660.0], [97882.5, 5520.0], [97890.0, 1670.0], [97892.5, 5500.0], [97900.0, 1660.0], [97902.5, 5520.0], [97905.0, 600.0], [97907.5, 2000.0], [97912.5, 1650.0], [97915.0, 5500.0]]}}}
{"jsonrpc": "2.0", "method": "subscription", "params": {"channel": "book.BTC-7FEB25.none.20.100ms", "data": {"timestamp": 1738772078967, "change_id": 86957276798, "instrument_name": "BTC-7FEB25", "bids": [[97727.5, 37570.0], [97725.0, 4600.0], [97722.5, 15320.0], [97720.0, 2110.0], [97717.5, 7000.0], [97715.0, 15120.0], [97712.5, 10000.0], [97710.0, 41920.0], [97707.5, 28010.0], [97705.0, 70040.0], [97700.0, 2110.0], [97697.5, 7000.0], [97692.5, 20.0], [97685.0, 40.0], [97682.5, 2250.0], [97680.0, 7490.0], [97672.5, 2100.0], [97670.0, 7000.0], [97667.5, 50.0], [97662.5, 2100.0]], "asks": [[97730.0, 2500.0], [97740.0, 10.0], [97745.0, 40.0], [97747.5, 1200.0], [97750.0, 4000.0], [97757.5, 2100.0], [97760.0, 10020.0], [97762.5, 12590.0], [97765.0, 40.0], [97772.5, 2100.0], [97775.0, 7000.0], [97780.0, 10.0], [97782.5, 2110.0], [97785.0, 7040.0], [97792.5, 20.0], [97795.0, 7000.0], [97800.0, 2600.0], [97802.5, 40.0], [97815.0, 2100.0], [97817.5, 7000.0]]}}}
{"jsonrpc": "2.0", "method": "subscription", "params": {"channel": "book.BTC-7FEB25.none.20.100ms", "data": {"timestamp": 1738772079320, "change_id": 86957277342, "instrument_name": "BTC-7FEB25", "bids": [[97727.5, 40160.0], [97725.0, 4600.0], [97722.5, 15320.0], [97720.0, 2110.0], [97717.5, 7000.0], [97715.0, 15120.0], [97712.5, 10000.0], [97710.0, 41920.0], [97707.5, 28010.0], [97705.0, 70040.0], [97700.0, 2110.0], [97697.5, 7000.0], [97692.5, 20.0], [97685.0, 40.0], [97682.5, 2250.0], [97680.0, 7490.0], [97672.5, 2100.0], [97670.0, 7000.0], [97667.5, 50.0], [97662.5, 2100.0]], "asks": [[97730.0, 2500.0], [97740.0, 10.0], [97745.0, 4040.0], [97757.5, 2100.0], [97760.0, 10020.0], [97762.5, 12590.0], [97765.0, 40.0], [97772.5, 2100.0], [97775.0, 7000.0], [97780.0, 10.0], [97782.5, 2110.0], [97785.0, 7040.0], [97792.5, 2120.0], [97795.0, 7000.0], [97800.0, 2600.0], [97802.5, 40.0], [97815.0, 2100.0], [97817.5, 7000.0], [97820.0, 10.0], [97822.5, 640.0]]}}}
{"jsonrpc": "2.0", "method": "subscription", "params": {"channel": "book.BTC-14FEB25.none.20.100ms", "data": {"timestamp": 1738772079518, "change_id": 86957277735, "instrument_name": "BTC-14FEB25", "bids": [[97815.0, 330.0], [97812.5, 1100.0], [97810.0, 29510.0], [97807.5, 50000.0], [97805.0, 38380.0], [97802.5, 3760.0], [97800.0, 12470.0], [97797.5, 1650.0], [97795.0, 5500.0], [97790.0, 20.0], [97787.5, 1660.0], [97785.0, 5520.0], [97777.5, 1650.0], [97775.0, 5500.0], [97772.5, 740.0], [97770.0, 2470.0], [97767.5, 3740.0], [97765.0, 13170.0], [97752.5, 1650.0], [97750.0, 5500.0]], "asks": [[97835.0, 740.0], [97837.5, 2470.0], [97840.0, 3010.0], [97842.5, 10020.0], [97855.0, 2390.0], [97857.5, 5500.0], [97860.0, 2470.0], [97862.5, 20.0], [97870.0, 1650.0], [97872.5, 5500.0], [97880.0, 1660.0], [97882.5, 5520.0], [97890.0, 1670.0], [97892.5, 5500.0], [97900.0, 1660.0], [97902.5, 5520.0], [97905.0, 600.0], [97907.5, 2000.0], [97912.5, 1650.0], [97915.0, 5500.0]]}}}
{"jsonrpc": "2.0", "method": "subscription", "params": {"channel": "book.BTC-7FEB25.none.20.100ms", "data": {"timestamp": 1738772079894, "change_id": 86957278389, "instrument_name": "BTC-7FEB25", "bids": [[97727.5, 40160.0], [97725.0, 4600.0], [97722.5, 15320.0], [97720.0, 2110.0], [97717.5, 7000.0], [97715.0, 15120.0], [97712.5, 10000.0], [97710.0, 65030.0], [97707.5, 77000.0], [97705.0, 40.0], [97700.0, 2110.0], [97697.5, 7000.0], [97692.5, 20.0], [97685.0, 40.0], [97682.5, 2250.0], [97680.0, 7490.0], [97672.5, 2100.0], [97670.0, 7000.0], [97667.5, 50.0], [97662.5, 2100.0]], "asks": [[97730.0, 2500.0], [97740.0, 10.0], [97745.0, 4040.0], [97757.5, 2100.0], [97760.0, 10020.0], [97762.5, 12590.0], [97765.0, 40.0], [97772.5, 2100.0], [97775.0, 7000.0], [97780.0, 10.0], [97782.5, 2110.0], [97785.0, 7040.0], [97792.5, 2120.0], [97795.0, 7000.0], [97800.0, 2600.0], [97802.5, 40.0], [97815.0, 2100.0], [97817.5, 7000.0], [97820.0, 10.0], [97822.5, 640.0]]}}}
{"jsonrpc": "2.0", "method": "subscription", "params": {"channel": "book.BTC-14FEB25.none.20.100ms", "data": {"timestamp": 1738772080290, "change_id": 86957279174, "instrument_name": "BTC-14FEB25", "bids": [[97815.0, 330.0], [97812.5, 1100.0], [97810.0, 29510.0], [97807.5, 50000.0], [97805.0, 38380.0], [97802.5, 3760.0], [97800.0, 12470.0], [97797.5, 1650.0], [97795.0, 5500.0], [97790.0, 20.0], [97787.5, 1660.0], [97785.0, 5520.0], [97777.5, 1650.0], [97775.0, 5500.0], [97770.0, 2470.0], [97767.5, 2080.0], [97765.0, 13170.0], [97752.5, 1650.0], [97750.0, 5500.0], [97745.0, 20.0]], "asks": [[97837.5, 740.0], [97840.0, 2470.0], [97842.5, 20.0], [97855.0, 5050.0], [97857.5, 5500.0], [97860.0, 12470.0], [97862.5, 20.0], [97870.0, 1650.0], [97872.5, 5500.0], [97880.0, 1660.0], [97882.5, 5520.0], [97890.0, 1670.0], [97892.5, 5500.0], [97900.0, 1660.0], [97902.5, 5520.0], [97905.0, 600.0], [97907.5, 2000.0], [97912.5, 1650.0], [97915.0, 5500.0], [97920.0, 20.0]]}}}
{"jsonrpc": "2.0", "method": "subscription", "params": {"channel": "book.BTC-7FEB25.none.20.100ms", "data": {"timestamp": 1738772080307, "change_id": 86957279186, "instrument_name": "BTC-7FEB25", "bids": [[97727.5, 40160.0], [97725.0, 4600.0], [97722.5, 15320.0], [97720.0, 2110.0], [97717.5, 7000.0], [97715.0, 15120.0], [97712.5, 10000.0], [97710.0, 65030.0], [97707.5, 77000.0], [97705.0, 40.0], [97700.0, 2110.0], [97697.5, 7000.0], [97692.5, 20.0], [97685.0, 40.0], [97682.5, 2250.0], [97680.0, 7490.0], [97672.5, 2100.0], [97670.0, 7000.0], [97667.5, 50.0], [97662.5, 2100.0]], "asks": [[97730.0, 2500.0], [97740.0, 10.0], [97742.5, 4000.0], [97745.0, 40.0], [97757.5, 4690.0], [97760.0, 10020.0], [97762.5, 10000.0], [97765.0, 40.0], [97772.5, 2100.0], [97775.0, 7000.0], [97780.0, 10.0], [97782.5, 2110.0], [97785.0, 7040.0], [97792.5, 2120.0], [97795.0, 7000.0], [97797.5, 780.0], [97800.0, 2600.0], [97802.5, 40.0], [97815.0, 2100.0], [97817.5, 7000.0]]}}}
{"jsonrpc": "2.0", "method": "subscription", "params": {"channel": "book.BTC-14FEB25.none.20.100ms", "data": {"timestamp": 1738772080667, "change_id": 86957280929, "instrument_name": "BTC-14FEB25", "bids": [[97827.5, 740.0], [97825.0, 2470.0], [97817.5, 2750.0], [97815.0, 5830.0], [97812.5, 1100.0], [97810.0, 29510.0], [97807.5, 50000.0], [97805.0, 38380.0], [97802.5, 3760.0], [97800.0, 12470.0], [97797.5, 1650.0], [97795.0, 5500.0], [97790.0, 20.0], [97787.5, 1660.0], [97785.0, 5520.0], [97777.5, 1650.0], [97775.0, 7800.0], [97772.5, 7650.0], [97767.5, 2080.0], [97765.0, 5520.0]], "asks": [[97842.5, 20.0], [97857.5, 3740.0], [97860.0, 10000.0], [97862.5, 20.0], [97870.0, 1650.0], [97872.5, 5500.0], [97882.5, 5520.0], [97890.0, 2490.0], [97892.5, 5500.0], [97900.0, 1660.0], [97902.5, 5520.0], [97912.5, 1650.0], [97915.0, 5500.0], [97920.0, 20.0], [97922.5, 10910.0], [97925.0, 36380.0], [97937.5, 1660.0], [97940.0, 5520.0], [97947.5, 2250.0], [97950.0, 7500.0]]}}}
{"jsonrpc": "2.0", "method": "subscription", "params": {"channel": "book.BTC-7FEB25.none.20.100ms", "data": {"timestamp": 1738772080664, "change_id": 86957280910, "instrument_name": "BTC-7FEB25", "bids": [[97737.5, 13590.0], [97735.0, 18000.0], [97730.0, 4000.0], [97727.5, 41890.0], [97725.0, 70000.0], [97717.5, 7000.0], [97715.0, 20.0], [97712.5, 10000.0], [97710.0, 41920.0], [97707.5, 7000.0], [97705.0, 40.0], [97700.0, 10.0], [97697.5, 7000.0], [97692.5, 20.0], [97685.0, 40.0], [97680.0, 7490.0], [97670.0, 7000.0], [97667.5, 50.0], [97660.0, 7010.0], [97650.0, 7000.0]], "asks": [[97740.0, 1020.0], [97745.0, 40.0], [97760.0, 10.0], [97762.5, 10000.0], [97765.0, 40.0], [97780.0, 10.0], [97785.0, 7040.0], [97792.5, 20.0], [97795.0, 7000.0], [97800.0, 2600.0], [97802.5, 40.0], [97817.5, 7000.0], [97820.0, 10.0], [97822.5, 40.0], [97825.0, 2000.0], [97827.5, 2000.0], [97830.0, 7000.0], [97835.0, 10.0], [97840.0, 7010.0], [97842.5, 40.0]]}}}
{"jsonrpc": "2.0", "method": "subscription", "params": {"channel": "book.BTC-14FEB25.none.20.100ms", "data": {"timestamp": 1738772080725, "change_id": 86957282030, "instrument_name": "BTC-14FEB25", "bids": [[97835.0, 740.0], [97832.5, 2470.0], [97820.0, 4980.0], [97817.5, 11100.0], [97815.0, 5830.0], [97812.5, 1100.0], [97805.0, 5510.0], [97802.5, 760.0], [97800.0, 2470.0], [97797.5, 51650.0], [97795.0, 5500.0], [97790.0, 20.0], [97787.5, 1660.0], [97785.0, 5520.0], [97777.5, 1650.0], [97775.0, 7800.0], [97772.5, 7650.0], [97767.5, 2080.0], [97765.0, 5520.0], [97752.5, 1650.0]], "asks": [[97842.5, 20.0], [97850.0, 740.0], [97852.5, 2470.0], [97857.5, 3740.0], [97860.0, 10000.0], [97862.5, 20.0], [97870.0, 1650.0], [97872.5, 5500.0], [97882.5, 5520.0], [97890.0, 2490.0], [97892.5, 5500.0], [97900.0, 1660.0], [97902.5, 5520.0], [97912.5, 1650.0], [97915.0, 5500.0], [97920.0, 20.0], [97922.5, 1650.0], [97925.0, 5500.0], [97937.5, 1660.0], [97940.0, 5520.0]]}}}
{"jsonrpc": "2.0", "method": "subscription", "params": {"channel": "book.BTC-7FEB25.none.20.100ms", "data": {"timestamp": 1738772080976, "change_id": 86957281967, "instrument_name": "BTC-7FEB25", "bids": [[97737.5, 28910.0], [97735.0, 18000.0], [97732.5, 1200.0], [97730.0, 32970.0], [97727.5, 26570.0], [97725.0, 70000.0], [97720.0, 2110.0], [97717.5, 7000.0], [97715.0, 20.0], [97712.5, 10000.0], [97710.0, 2590.0], [97707.5, 7000.0], [97705.0, 40.0], [97700.0, 10.0], [97697.5, 7000.0], [97692.5, 20.0], [97685.0, 40.0], [97680.0, 7490.0], [97670.0, 7000.0], [97667.5, 50.0]], "asks": [[97740.0, 1020.0], [97745.0, 40.0], [97760.0, 3020.0], [97762.5, 10000.0], [97765.0, 40.0], [97767.5, 2100.0], [97770.0, 7780.0], [97772.5, 2590.0], [97780.0, 10.0], [97785.0, 7040.0], [97792.5, 20.0], [97795.0, 7000.0], [97800.0, 2600.0], [97802.5, 40.0], [97817.5, 7000.0], [97820.0, 10.0], [97822.5, 40.0], [97825.0, 2000.0], [97827.5, 2000.0], [97830.0, 7000.0]]}}}
{"jsonrpc": "2.0", "method": "subscription", "params": {"channel": "book.BTC-14FEB25.none.20.100ms", "data": {"timestamp": 1738772081188, "change_id": 86957282682, "instrument_name": "BTC-14FEB25", "bids": [[97835.0, 740.0], [97832.5, 2470.0], [97820.0, 4980.0], [97817.5, 11100.0], [97815.0, 5830.0], [97805.0, 5510.0], [97802.5, 760.0], [97800.0, 2470.0], [97797.5, 1650.0], [97795.0, 5500.0], [97792.5, 50000.0], [97790.0, 20.0], [97787.5, 1660.0], [97785.0, 5520.0], [97777.5, 1650.0], [97775.0, 7800.0], [97772.5, 7650.0], [97767.5, 2080.0], [97765.0, 5520.0], [97752.5, 1650.0]], "asks": [[97842.5, 20.0], [97850.0, 740.0], [97852.5, 2470.0], [97857.5, 3740.0], [97860.0, 10000.0], [97862.5, 20.0], [97870.0, 1650.0], [97872.5, 5500.0], [97882.5, 5520.0], [97890.0, 2490.0], [97892.5, 5500.0], [97900.0, 1660.0], [97902.5, 5520.0], [97912.5, 1650.0], [97915.0, 5500.0], [97920.0, 20.0], [97922.5, 1650.0], [97925.0, 5500.0], [97937.5, 1660.0], [97940.0, 5520.0]]}}}
{"jsonrpc": "2.0", "method": "subscription", "params": {"channel": "book.BTC-7FEB25.none.20.100ms", "data": {"timestamp": 1738772081300, "change_id": 86957282670, "instrument_name": "BTC-7FEB25", "bids": [[97737.5, 28910.0], [97735.0, 14000.0], [97730.0, 28970.0], [97727.5, 26570.0], [97725.0, 73000.0], [97722.5, 10000.0], [97720.0, 2110.0], [97717.5, 7000.0], [97715.0, 20.0], [97710.0, 2590.0], [97707.5, 7000.0], [97705.0, 40.0], [97700.0, 10.0], [97697.5, 7000.0], [97692.5, 20.0], [97685.0, 40.0], [97680.0, 7490.0], [97670.0, 7000.0], [97667.5, 50.0], [97660.0, 7010.0]], "asks": [[97740.0, 1780.0], [97745.0, 40.0], [97755.0, 1200.0], [97757.5, 4000.0], [97760.0, 3020.0], [97762.5, 10000.0], [97765.0, 40.0], [97767.5, 2100.0], [97770.0, 7780.0], [97772.5, 2590.0], [97780.0, 10.0], [97782.5, 2110.0], [97785.0, 7040.0], [97792.5, 20.0], [97795.0, 7000.0], [97800.0, 2600.0], [97802.5, 40.0], [97815.0, 2100.0], [97817.5, 7000.0], [97820.0, 10.0]]}}}
{"jsonrpc": "2.0", "method": "subscription", "params": {"channel": "book.BTC-14FEB25.none.20.100ms", "data": {"timestamp": 1738772081397, "change_id": 86957282890, "instrument_name": "BTC-14FEB25", "bids": [[97832.5, 2470.0], [97820.0, 39980.0], [97817.5, 61100.0], [97815.0, 84080.0], [97805.0, 5510.0], [97802.5, 20.0], [97800.0, 2470.0], [97797.5, 1650.0], [97795.0, 5500.0], [97790.0, 20.0], [97787.5, 1660.0], [97785.0, 5520.0], [97777.5, 1650.0], [97775.0, 7800.0], [97772.5, 7650.0], [97767.5, 2080.0], [97765.0, 5520.0], [97752.5, 1650.0], [97750.0, 5500.0], [97745.0, 20.0]], "asks": [[97842.5, 20.0], [97852.5, 2470.0], [97857.5, 3740.0], [97860.0, 10000.0], [97862.5, 20.0], [97870.0, 1650.0], [97872.5, 5500.0], [97882.5, 5520.0], [97890.0, 2490.0], [97892.5, 5500.0], [97900.0, 1660.0], [97902.5, 5520.0], [97912.5, 1650.0], [97915.0, 5500.0], [97920.0, 20.0], [97925.0, 5500.0], [97937.5, 1660.0], [97940.0, 5520.0], [97947.5, 2250.0], [97950.0, 7500.0]]}}}
{"jsonrpc": "2.0", "method": "subscription", "params": {"channel": "book.BTC-7FEB25.none.20.100ms", "data": {"timestamp": 1738772081549, "change_id": 86957283195, "instrument_name": "BTC-7FEB25", "bids": [[97737.5, 28910.0], [97735.0, 14000.0], [97730.0, 28970.0], [97727.5, 96570.0], [97725.0, 26080.0], [97722.5, 10000.0], [97720.0, 80280.0], [97717.5, 7000.0], [97715.0, 20.0], [97710.0, 2590.0], [97707.5, 7000.0], [97705.0, 40.0], [97700.0, 10.0], [97697.5, 7000.0], [97692.5, 20.0], [97685.0, 40.0], [97680.0, 7490.0], [97670.0, 7000.0], [97667.5, 50.0], [97660.0, 7010.0]], "asks": [[97740.0, 1780.0], [97745.0, 40.0], [97755.0, 1200.0], [97757.5, 4000.0], [97760.0, 3020.0], [97762.5, 10000.0], [97765.0, 40.0], [97767.5, 2100.0], [97770.0, 7780.0], [97772.5, 2590.0], [97780.0, 10.0], [97782.5, 2110.0], [97785.0, 7040.0], [97792.5, 20.0], [97795.0, 7000.0], [97800.0, 2600.0], [97802.5, 40.0], [97815.0, 2100.0], [97817.5, 7000.0], [97820.0, 10.0]]}}}
{"jsonrpc": "2.0", "method": "subscription", "params": {"channel": "book.BTC-14FEB25.none.20.100ms", "data": {"timestamp": 1738772081971, "change_id": 86957284033, "instrument_name": "BTC-14FEB25", "bids": [[97827.5, 740.0], [97825.0, 2470.0], [97820.0, 39980.0], [97817.5, 50000.0], [97815.0, 78580.0], [97810.0, 4650.0], [97807.5, 5500.0], [97805.0, 10010.0], [97802.5, 760.0], [97800.0, 2470.0], [97797.5, 1650.0], [97795.0, 5500.0], [97790.0, 20.0], [97787.5, 1660.0], [97785.0, 5520.0], [97777.5, 1650.0], [97775.0, 7800.0], [97772.5, 7650.0], [97767.5, 2080.0], [97765.0, 5520.0]], "asks": [[97840.0, 750.0], [97842.5, 2490.0], [97857.5, 3740.0], [97860.0, 10000.0], [97862.5, 20.0], [97870.0, 1650.0], [97872.5, 5500.0], [97882.5, 5520.0], [97890.0, 2490.0], [97892.5, 5500.0], [97900.0, 1660.0], [97902.5, 5520.0], [97912.5, 1650.0], [97915.0, 5500.0], [97920.0, 20.0], [97925.0, 5500.0], [97937.5, 1660.0], [97940.0, 5520.0], [97947.5, 2250.0], [97950.0, 7500.0]]}}}
{"jsonrpc": "2.0", "method": "subscription", "params": {"channel": "book.BTC-7FEB25.none.20.100ms", "data": {"timestamp": 1738772081982, "change_id": 86957284061, "instrument_name": "BTC-7FEB25", "bids": [[97737.5, 24910.0], [97735.0, 7000.0], [97730.0, 28970.0], [97727.5, 96570.0], [97725.0, 26080.0], [97722.5, 10000.0], [97720.0, 80280.0], [97717.5, 7000.0], [97715.0, 20.0], [97710.0, 2590.0], [97707.5, 7000.0], [97705.0, 40.0], [97700.0, 10.0], [97697.5, 7000.0], [97692.5, 20.0], [97685.0, 40.0], [97680.0, 7490.0], [97670.0, 7000.0], [97667.5, 50.0], [97660.0, 7010.0]], "asks": [[97740.0, 1780.0], [97745.0, 40.0], [97755.0, 3150.0], [97757.5, 4000.0], [97760.0, 10020.0], [97762.5, 10000.0], [97765.0, 40.0], [97767.5, 2100.0], [97770.0, 7000.0], [97780.0, 10.0], [97782.5, 2110.0], [97785.0, 7040.0], [97792.5, 20.0], [97795.0, 7000.0], [97800.0, 2600.0], [97802.5, 40.0], [97815.0, 2100.0], [97817.5, 7000.0], [97820.0, 10.0], [97822.5, 40.0]]}}}
{"jsonrpc": "2.0", "method": "subscription", "params": {"channel": "book.BTC-14FEB25.none.20.100ms", "data": {"timestamp": 1738772082098, "change_id": 86957285242, "instrument_name": "BTC-14FEB25", "bids": [[97805.0, 10.0], [97802.5, 20.0], [97800.0, 2470.0], [97790.0, 20.0], [97787.5, 1100.0], [97785.0, 5520.0], [97782.5, 10000.0], [97775.0, 5500.0], [97772.5, 7650.0], [97770.0, 2470.0], [97765.0, 5520.0], [97750.0, 5500.0], [97745.0, 20.0], [97742.5, 50000.0], [97740.0, 5500.0], [97737.5, 2000.0], [97730.0, 5500.0], [97725.0, 20.0], [97722.5, 10.0], [97710.0, 5500.0]], "asks": [[97825.0, 2470.0], [97837.5, 5500.0], [97840.0, 15500.0], [97842.5, 20.0], [97850.0, 5500.0], [97860.0, 2470.0], [97862.5, 20.0], [97872.5, 5500.0], [97882.5, 5520.0], [97890.0, 20.0], [97892.5, 5500.0], [97902.5, 5520.0], [97915.0, 5500.0], [97920.0, 20.0], [97925.0, 5500.0], [97940.0, 5520.0], [97950.0, 7500.0], [97952.5, 2000.0], [97960.0, 20.0], [97977.5, 5500.0]]}}}
{"jsonrpc": "2.0", "method": "subscription", "params": {"channel": "book.BTC-7FEB25.none.20.100ms", "data": {"timestamp": 1738772082316, "change_id": 86957285453, "instrument_name": "BTC-7FEB25", "bids": [[97727.5, 26570.0], [97725.0, 20000.0], [97720.0, 2590.0], [97717.5, 15320.0], [97715.0, 20.0], [97710.0, 50000.0], [97707.5, 7000.0], [97705.0, 40.0], [97700.0, 10.0], [97697.5, 7000.0], [97695.0, 10000.0], [97692.5, 20.0], [97685.0, 40.0], [97680.0, 10080.0], [97670.0, 7000.0], [97667.5, 50.0], [97660.0, 7010.0], [97650.0, 7000.0], [97647.5, 40.0], [97640.0, 7010.0]], "asks": [[97730.0, 11320.0], [97732.5, 11000.0], [97735.0, 4000.0], [97737.5, 6590.0], [97740.0, 8970.0], [97745.0, 40.0], [97750.0, 7000.0], [97752.5, 10000.0], [97760.0, 7010.0], [97765.0, 40.0], [97770.0, 9590.0], [97780.0, 10.0], [97785.0, 7040.0], [97792.5, 20.0], [97795.0, 7000.0], [97800.0, 10.0], [97802.5, 40.0], [97817.5, 7000.0], [97820.0, 10.0], [97822.5, 40.0]]}}}
{"jsonrpc": "2.0", "method": "subscription", "params": {"channel": "book.BTC-14FEB25.none.20.100ms", "data": {"timestamp": 1738772082608, "change_id": 86957286382, "instrument_name": "BTC-14FEB25", "bids": [[97805.0, 10.0], [97802.5, 760.0], [97800.0, 2470.0], [97797.5, 1650.0], [97795.0, 5500.0], [97790.0, 20.0], [97787.5, 2760.0], [97785.0, 46990.0], [97782.5, 60000.0], [97780.0, 78220.0], [97775.0, 5500.0], [97772.5, 7650.0], [97770.0, 2470.0], [97765.0, 5520.0], [97750.0, 5500.0], [97745.0, 20.0], [97740.0, 5500.0], [97737.5, 2000.0], [97730.0, 5500.0], [97725.0, 20.0]], "asks": [[97822.5, 740.0], [97825.0, 2470.0], [97835.0, 6300.0], [97837.5, 5500.0], [97840.0, 15500.0], [97842.5, 20.0], [97847.5, 1650.0], [97850.0, 5500.0], [97860.0, 2470.0], [97862.5, 20.0], [97872.5, 5500.0], [97882.5, 5520.0], [97890.0, 20.0], [97892.5, 5500.0], [97902.5, 5520.0], [97915.0, 5500.0], [97920.0, 20.0], [97925.0, 5500.0], [97940.0, 5520.0], [97950.0, 7500.0]]}}}
{"jsonrpc": "2.0", "method": "subscription", "params": {"channel": "book.BTC-7FEB25.none.20.100ms", "data": {"timestamp": 1738772082586, "change_id": 86957286332, "instrument_name": "BTC-7FEB25", "bids": [[97727.5, 26570.0], [97725.0, 20000.0], [97722.5, 780.0], [97720.0, 9290.0], [97717.5, 22320.0], [97715.0, 20.0], [97712.5, 15000.0], [97710.0, 52110.0], [97707.5, 7000.0], [97705.0, 40.0], [97700.0, 10.0], [97697.5, 7000.0], [97695.0, 10000.0], [97692.5, 20.0], [97685.0, 40.0], [97680.0, 10080.0], [97670.0, 7000.0], [97667.5, 50.0], [97660.0, 7010.0], [97650.0, 7000.0]], "asks": [[97730.0, 4320.0], [97732.5, 14770.0], [97735.0, 4000.0], [97737.5, 6590.0], [97740.0, 1970.0], [97745.0, 40.0], [97747.5, 2100.0], [97750.0, 10000.0], [97752.5, 10000.0], [97760.0, 7010.0], [97765.0, 40.0], [97770.0, 9590.0], [97780.0, 10.0], [97785.0, 7040.0], [97792.5, 20.0], [97795.0, 7000.0], [97800.0, 10.0], [97802.5, 40.0], [97817.5, 7000.0], [97820.0, 10.0]]}}}
{"jsonrpc": "2.0", "method": "subscription", "params": {"channel": "book.BTC-14FEB25.none.20.100ms", "data": {"timestamp": 1738772082903, "change_id": 86957287039, "instrument_name": "BTC-14FEB25", "bids": [[97810.0, 740.0], [97807.5, 2470.0], [97805.0, 10.0], [97802.5, 20.0], [97800.0, 1650.0], [97797.5, 5500.0], [97790.0, 17010.0], [97787.5, 51100.0], [97785.0, 5520.0], [97782.5, 10000.0], [97780.0, 78220.0], [97775.0, 5500.0], [97772.5, 7650.0], [97770.0, 2470.0], [97765.0, 5520.0], [97752.5, 1650.0], [97750.0, 5500.0], [97745.0, 20.0], [97740.0, 5500.0], [97737.5, 2000.0]], "asks": [[97825.0, 3740.0], [97827.5, 10000.0], [97830.0, 2470.0], [97835.0, 1650.0], [97837.5, 5500.0], [97842.5, 20.0], [97847.5, 1650.0], [97850.0, 5500.0], [97860.0, 2470.0], [97862.5, 20.0], [97872.5, 5500.0], [97882.5, 5520.0], [97890.0, 20.0], [97892.5, 5500.0], [97902.5, 5520.0], [97915.0, 5500.0], [97920.0, 20.0], [97925.0, 5500.0], [97940.0, 5520.0], [97950.0, 7500.0]]}}}
{"jsonrpc": "2.0", "method": "subscription", "params": {"channel": "book.BTC-7FEB25.none.20.100ms", "data": {"timestamp": 1738772082895, "change_id": 86957287032, "instrument_name": "BTC-7FEB25", "bids": [[97727.5, 36160.0], [97725.0, 20000.0], [97720.0, 6700.0], [97717.5, 22320.0], [97715.0, 20.0], [97712.5, 15780.0], [97710.0, 54700.0], [97707.5, 7000.0], [97705.0, 40.0], [97700.0, 10.0], [97697.5, 7000.0], [97695.0, 10000.0], [97692.5, 20.0], [97685.0, 40.0], [97680.0, 7490.0], [97670.0, 7000.0], [97667.5, 50.0], [97660.0, 7010.0], [97650.0, 7000.0], [97647.5, 40.0]], "asks": [[97730.0, 4000.0], [97732.5, 7770.0], [97735.0, 4000.0], [97737.5, 4000.0], [97740.0, 1970.0], [97745.0, 40.0], [97747.5, 4690.0], [97750.0, 10000.0], [97752.5, 10000.0], [97760.0, 7010.0], [97765.0, 40.0], [97770.0, 9590.0], [97780.0, 10.0], [97785.0, 7040.0], [97792.5, 20.0], [97795.0, 7000.0], [97800.0, 10.0], [97802.5, 40.0], [97817.5, 7000.0], [97820.0, 10.0]]}}}
{"jsonrpc": "2.0", "method": "subscription", "params": {"channel": "book.BTC-14FEB25.none.20.100ms", "data": {"timestamp": 1738772083295, "change_id": 86957287740, "instrument_name": "BTC-14FEB25", "bids": [[97810.0, 740.0], [97807.5, 2470.0], [97805.0, 10.0], [97802.5, 20.0], [97800.0, 1650.0], [97797.5, 5500.0], [97790.0, 2010.0], [97787.5, 1100.0], [97785.0, 5520.0], [97782.5, 10000.0], [97780.0, 50000.0], [97775.0, 5500.0], [97772.5, 7650.0], [97770.0, 2470.0], [97765.0, 5520.0], [97752.5, 1650.0], [97750.0, 5500.0], [97745.0, 20.0], [97740.0, 5500.0], [97737.5, 2000.0]], "asks": [[97825.0, 3740.0], [97827.5, 10000.0], [97830.0, 2470.0], [97835.0, 1650.0], [97837.5, 5500.0], [97842.5, 20.0], [97847.5, 1650.0], [97850.0, 5500.0], [97860.0, 2470.0], [97862.5, 20.0], [97872.5, 5500.0], [97882.5, 5520.0], [97890.0, 20.0], [97892.5, 5500.0], [97902.5, 5520.0], [97915.0, 5500.0], [97920.0, 20.0], [97925.0, 5500.0], [97940.0, 5520.0], [97950.0, 7500.0]]}}}
{"jsonrpc": "2.0", "method": "subscription", "params": {"channel": "book.BTC-7FEB25.none.20.100ms", "data": {"timestamp": 1738772083275, "change_id": 86957287704, "instrument_name": "BTC-7FEB25", "bids": [[97727.5, 36160.0], [97725.0, 20000.0], [97720.0, 20860.0], [97717.5, 22320.0], [97715.0, 50020.0], [97712.5, 780.0], [97710.0, 4700.0], [97707.5, 7000.0], [97705.0, 40.0], [97700.0, 10.0], [97697.5, 7000.0], [97695.0, 10000.0], [97692.5, 20.0], [97685.0, 40.0], [97680.0, 7490.0], [97670.0, 7000.0], [97667.5, 50.0], [97660.0, 7010.0], [97650.0, 7000.0], [97647.5, 40.0]], "asks": [[97730.0, 4000.0], [97732.5, 1790.0], [97737.5, 4000.0], [97740.0, 1970.0], [97745.0, 40.0], [97747.5, 4690.0], [97750.0, 10000.0], [97752.5, 10000.0], [97760.0, 7010.0], [97765.0, 40.0], [97770.0, 9590.0], [97780.0, 10.0], [97785.0, 7040.0], [97792.5, 20.0], [97795.0, 7000.0], [97800.0, 10.0], [97802.5, 40.0], [97817.5, 7000.0], [97820.0, 10.0], [97822.5, 40.0]]}}}
{"jsonrpc": "2.0", "method": "subscription", "params": {"channel": "book.BTC-14FEB25.none.20.100ms", "data": {"timestamp": 1738772083642, "change_id": 86957288792, "instrument_name": "BTC-14FEB25", "bids": [[97810.0, 740.0], [97807.5, 2470.0], [97805.0, 10.0], [97802.5, 20.0], [97800.0, 16440.0], [97797.5, 5500.0], [97795.0, 69600.0], [97792.5, 65300.0], [97790.0, 2010.0], [97787.5, 1100.0], [97785.0, 5520.0], [97782.5, 10000.0], [97775.0, 5500.0], [97772.5, 7650.0], [97770.0, 2470.0], [97765.0, 5520.0], [97752.5, 1650.0], [97750.0, 5500.0], [97745.0, 20.0], [97740.0, 5500.0]], "asks": [[97825.0, 740.0], [97830.0, 2470.0], [97835.0, 4440.0], [97840.0, 10000.0], [97842.5, 20.0], [97847.5, 1650.0], [97850.0, 5500.0], [97860.0, 2470.0], [97862.5, 20.0], [97872.5, 5500.0], [97882.5, 5520.0], [97890.0, 20.0], [97892.5, 5500.0], [97902.5, 5520.0], [97915.0, 5500.0], [97920.0, 20.0], [97925.0, 5500.0], [97940.0, 5520.0], [97950.0, 7500.0], [97952.5, 2000.0]]}}}
{"jsonrpc": "2.0", "method": "subscription", "params": {"channel": "book.BTC-7FEB25.none.20.100ms", "data": {"timestamp": 1738772083622, "change_id": 86957288696, "instrument_name": "BTC-7FEB25", "bids": [[97732.5, 11000.0], [97730.0, 17850.0], [97727.5, 29160.0], [97720.0, 20860.0], [97717.5, 22320.0], [97715.0, 70020.0], [97712.5, 780.0], [97710.0, 4700.0], [97707.5, 7000.0], [97705.0, 40.0], [97700.0, 5110.0], [97697.5, 7000.0], [97695.0, 10000.0], [97692.5, 20.0], [97685.0, 40.0], [97680.0, 7490.0], [97670.0, 7000.0], [97667.5, 50.0], [97662.5, 2100.0], [97660.0, 7010.0]], "asks": [[97735.0, 4000.0], [97737.5, 4600.0], [97740.0, 1970.0], [97745.0, 820.0], [97747.5, 2590.0], [97750.0, 3000.0], [97752.5, 10000.0], [97757.5, 2100.0], [97760.0, 7010.0], [97765.0, 40.0], [97767.5, 2880.0], [97770.0, 9590.0], [97780.0, 10.0], [97785.0, 7040.0], [97792.5, 20.0], [97795.0, 7000.0], [97800.0, 10.0], [97802.5, 40.0], [97817.5, 7000.0], [97820.0, 10.0]]}}}
{"jsonrpc": "2.0", "method": "subscription", "params": {"channel": "book.BTC-14FEB25.none.20.100ms", "data": {"timestamp": 1738772083822, "change_id": 86957289553, "instrument_name": "BTC-14FEB25", "bids": [[97815.0, 2470.0], [97810.0, 1100.0], [97805.0, 10.0], [97802.5, 20.0], [97797.5, 5500.0], [97795.0, 50000.0], [97792.5, 75300.0], [97790.0, 20.0], [97787.5, 1100.0], [97785.0, 5520.0], [97775.0, 5500.0], [97772.5, 7650.0], [97770.0, 2470.0], [97765.0, 5520.0], [97750.0, 5500.0], [97745.0, 20.0], [97740.0, 5500.0], [97737.5, 2000.0], [97730.0, 5500.0], [97725.0, 20.0]], "asks": [[97837.5, 10000.0], [97840.0, 2470.0], [97842.5, 20.0], [97857.5, 5500.0], [97860.0, 2470.0], [97862.5, 20.0], [97872.5, 5500.0], [97882.5, 5520.0], [97890.0, 20.0], [97892.5, 5500.0], [97902.5, 5520.0], [97915.0, 5500.0], [97920.0, 20.0], [97925.0, 5500.0], [97940.0, 5520.0], [97950.0, 38380.0], [97952.5, 2000.0], [97960.0, 20.0], [97977.5, 5500.0], [97980.0, 20.0]]}}}
{"jsonrpc": "2.0", "method": "subscription", "params": {"channel": "book.BTC-7FEB25.none.20.100ms", "data": {"timestamp": 1738772083815, "change_id": 86957289534, "instrument_name": "BTC-7FEB25", "bids": [[97735.0, 16260.0], [97732.5, 7000.0], [97730.0, 7970.0], [97727.5, 26570.0], [97720.0, 20860.0], [97717.5, 22320.0], [97715.0, 70020.0], [97712.5, 780.0], [97710.0, 2590.0], [97707.5, 7000.0], [97705.0, 10040.0], [97700.0, 10.0], [97697.5, 7000.0], [97692.5, 20.0], [97685.0, 40.0], [97680.0, 7490.0], [97670.0, 7000.0], [97667.5, 50.0], [97660.0, 7010.0], [97650.0, 7000.0]], "asks": [[97740.0, 200.0], [97745.0, 40.0], [97750.0, 3000.0], [97752.5, 10000.0], [97757.5, 4690.0], [97760.0, 7010.0], [97765.0, 40.0], [97770.0, 7000.0], [97780.0, 10.0], [97785.0, 7040.0], [97792.5, 20.0], [97795.0, 7000.0], [97800.0, 2600.0], [97802.5, 40.0], [97817.5, 7000.0], [97820.0, 10.0], [97822.5, 40.0], [97825.0, 4700.0], [97827.5, 2000.0], [97830.0, 7000.0]]}}}
{"jsonrpc": "2.0", "method": "subscription", "params": {"channel": "book.BTC-14FEB25.none.20.100ms", "data": {"timestamp": 1738772084270, "change_id": 86957290401, "instrument_name": "BTC-14FEB25", "bids": [[97815.0, 2470.0], [97805.0, 10.0], [97802.5, 20.0], [97800.0, 1650.0], [97797.5, 5500.0], [97795.0, 3010.0], [97792.5, 10000.0], [97790.0, 20.0], [97785.0, 5520.0], [97775.0, 5500.0], [97772.5, 7650.0], [97770.0, 2470.0], [97767.5, 50000.0], [97765.0, 5520.0], [97750.0, 5500.0], [97745.0, 20.0], [97740.0, 5500.0], [97737.5, 2000.0], [97730.0, 5500.0], [97725.0, 20.0]], "asks": [[97830.0, 740.0], [97832.5, 2470.0], [97835.0, 3000.0], [97837.5, 10000.0], [97842.5, 20.0], [97855.0, 2390.0], [97857.5, 5500.0], [97860.0, 2470.0], [97862.5, 20.0], [97872.5, 5500.0], [97882.5, 5520.0], [97890.0, 20.0], [97892.5, 5500.0], [97902.5, 5520.0], [97915.0, 5500.0], [97920.0, 20.0], [97925.0, 5500.0], [97940.0, 5520.0], [97950.0, 38380.0], [97952.5, 2000.0]]}}}
{"jsonrpc": "2.0", "method": "subscription", "params": {"channel": "book.BTC-7FEB25.none.20.100ms", "data": {"timestamp": 1738772084301, "change_id": 86957290398, "instrument_name": "BTC-7FEB25", "bids": [[97735.0, 9590.0], [97730.0, 7970.0], [97727.5, 26570.0], [97720.0, 20860.0], [97717.5, 22320.0], [97715.0, 70020.0], [97712.5, 780.0], [97710.0, 2590.0], [97707.5, 7000.0], [97705.0, 10040.0], [97700.0, 10.0], [97697.5, 7000.0], [97692.5, 20.0], [97685.0, 40.0], [97680.0, 7490.0], [97670.0, 7000.0], [97667.5, 50.0], [97660.0, 7010.0], [97650.0, 7000.0], [97647.5, 40.0]], "asks": [[97737.5, 11320.0], [97740.0, 10.0], [97742.5, 1210.0], [97745.0, 4040.0], [97747.5, 2100.0], [97750.0, 12590.0], [97752.5, 10000.0], [97757.5, 2100.0], [97760.0, 7010.0], [97765.0, 40.0], [97770.0, 9590.0], [97780.0, 10.0], [97785.0, 7040.0], [97792.5, 20.0], [97795.0, 7000.0], [97800.0, 10.0], [97802.5, 40.0], [97817.5, 7000.0], [97820.0, 10.0], [97822.5, 40.0]]}}}
{"jsonrpc": "2.0", "method": "subscription", "params": {"channel": "book.BTC-14FEB25.none.20.100ms", "data": {"timestamp": 1738772084632, "change_id": 86957291124, "instrument_name": "BTC-14FEB25", "bids": [[97817.5, 1070.0], [97815.0, 3570.0], [97812.5, 330.0], [97810.0, 1430.0], [97807.5, 1100.0], [97805.0, 10.0], [97802.5, 20.0], [97800.0, 1650.0], [97797.5, 5500.0], [97795.0, 3010.0], [97792.5, 10000.0], [97790.0, 20.0], [97787.5, 1660.0], [97785.0, 5520.0], [97775.0, 5500.0], [97772.5, 7650.0], [97770.0, 2470.0], [97767.5, 50000.0], [97765.0, 5520.0], [97750.0, 5500.0]], "asks": [[97835.0, 3000.0], [97837.5, 10000.0], [97840.0, 2470.0], [97842.5, 20.0], [97855.0, 2390.0], [97857.5, 5500.0], [97860.0, 2470.0], [97862.5, 20.0], [97872.5, 5500.0], [97882.5, 5520.0], [97890.0, 20.0], [97892.5, 5500.0], [97902.5, 5520.0], [97915.0, 5500.0], [97920.0, 20.0], [97925.0, 5500.0], [97940.0, 5520.0], [97950.0, 38380.0], [97952.5, 2000.0], [97960.0, 20.0]]}}}
{"jsonrpc": "2.0", "method": "subscription", "params": {"channel": "book.BTC-7FEB25.none.20.100ms", "data": {"timestamp": 1738772084614, "change_id": 86957291068, "instrument_name": "BTC-7FEB25", "bids": [[97735.0, 16590.0], [97730.0, 7970.0], [97727.5, 26570.0], [97720.0, 20860.0], [97717.5, 22320.0], [97715.0, 70020.0], [97712.5, 780.0], [97710.0, 2590.0], [97707.5, 7000.0], [97705.0, 10040.0], [97700.0, 10.0], [97697.5, 7000.0], [97692.5, 20.0], [97685.0, 40.0], [97680.0, 7490.0], [97670.0, 7000.0], [97667.5, 50.0], [97660.0, 7010.0], [97650.0, 7000.0], [97647.5, 40.0]], "asks": [[97737.5, 7000.0], [97740.0, 10.0], [97742.5, 1210.0], [97745.0, 4040.0], [97750.0, 3000.0], [97752.5, 10000.0], [97755.0, 780.0], [97757.5, 2590.0], [97760.0, 10.0], [97765.0, 40.0], [97770.0, 7000.0], [97780.0, 10.0], [97785.0, 7040.0], [97792.5, 20.0], [97795.0, 7000.0], [97800.0, 2600.0], [97802.5, 40.0], [97817.5, 7000.0], [97820.0, 10.0], [97822.5, 40.0]]}}}
{"jsonrpc": "2.0", "method": "subscription", "params": {"channel": "book.BTC-14FEB25.none.20.100ms", "data": {"timestamp": 1738772084831, "change_id": 86957291591, "instrument_name": "BTC-14FEB25", "bids": [[97817.5, 740.0], [97815.0, 2470.0], [97810.0, 1100.0], [97807.5, 1100.0], [97805.0, 10.0], [97802.5, 20.0], [97797.5, 55500.0], [97795.0, 78230.0], [97792.5, 10000.0], [97790.0, 20.0], [97785.0, 5520.0], [97775.0, 5500.0], [97772.5, 7650.0], [97770.0, 2470.0], [97765.0, 5520.0], [97750.0, 5500.0], [97745.0, 20.0], [97740.0, 5500.0], [97737.5, 2000.0], [97730.0, 5500.0]], "asks": [[97840.0, 12470.0], [97842.5, 20.0], [97857.5, 5500.0], [97860.0, 2470.0], [97862.5, 20.0], [97872.5, 5500.0], [97882.5, 5520.0], [97890.0, 20.0], [97892.5, 5500.0], [97902.5, 5520.0], [97915.0, 5500.0], [97920.0, 20.0], [97925.0, 5500.0], [97940.0, 5520.0], [97950.0, 38380.0], [97952.5, 2000.0], [97960.0, 20.0], [97977.5, 5500.0], [97980.0, 20.0], [97997.5, 5500.0]]}}}
{"jsonrpc": "2.0", "method": "subscription", "params": {"channel": "book.BTC-7FEB25.none.20.100ms", "data": {"timestamp": 1738772084955, "change_id": 86957291837, "instrument_name": "BTC-7FEB25", "bids": [[97735.0, 2590.0], [97730.0, 7970.0], [97727.5, 26570.0], [97720.0, 25930.0], [97717.5, 22320.0], [97715.0, 70020.0], [97712.5, 780.0], [97710.0, 2590.0], [97707.5, 7000.0], [97705.0, 10040.0], [97700.0, 10.0], [97697.5, 7000.0], [97692.5, 20.0], [97685.0, 40.0], [97680.0, 7490.0], [97670.0, 7000.0], [97667.5, 50.0], [97660.0, 7010.0], [97650.0, 7000.0], [97647.5, 40.0]], "asks": [[97737.5, 4320.0], [97740.0, 10.0], [97742.5, 1210.0], [97745.0, 4040.0], [97750.0, 3000.0], [97752.5, 10000.0], [97755.0, 780.0], [97757.5, 2590.0], [97760.0, 10.0], [97765.0, 40.0], [97767.5, 2100.0], [97770.0, 7000.0], [97780.0, 10.0], [97785.0, 7040.0], [97792.5, 20.0], [97795.0, 7000.0], [97800.0, 2600.0], [97802.5, 40.0], [97817.5, 7000.0], [97820.0, 10.0]]}}}
{"jsonrpc": "2.0", "method": "subscription", "params": {"channel": "book.BTC-14FEB25.none.20.100ms", "data": {"timestamp": 1738772085292, "change_id": 86957292430, "instrument_name": "BTC-14FEB25", "bids": [[97817.5, 740.0], [97815.0, 2470.0], [97805.0, 10.0], [97802.5, 20.0], [97800.0, 40120.0], [97797.5, 55500.0], [97795.0, 78230.0], [97792.5, 10000.0], [97790.0, 20.0], [97785.0, 5520.0], [97775.0, 8540.0], [97772.5, 7650.0], [97770.0, 2470.0], [97765.0, 5520.0], [97750.0, 5500.0], [97745.0, 20.0], [97740.0, 5500.0], [97737.5, 2000.0], [97730.0, 5500.0], [97725.0, 20.0]], "asks": [[97830.0, 740.0], [97832.5, 2470.0], [97837.5, 3740.0], [97840.0, 10000.0], [97842.5, 20.0], [97855.0, 2390.0], [97857.5, 5500.0], [97860.0, 2470.0], [97862.5, 20.0], [97872.5, 5500.0], [97882.5, 5520.0], [97890.0, 20.0], [97892.5, 5500.0], [97902.5, 5520.0], [97915.0, 5500.0], [97920.0, 20.0], [97925.0, 5500.0], [97940.0, 5520.0], [97950.0, 38380.0], [97952.5, 2000.0]]}}}
{"jsonrpc": "2.0", "method": "subscription", "params": {"channel": "book.BTC-7FEB25.none.20.100ms", "data": {"timestamp": 1738772085295, "change_id": 86957292432, "instrument_name": "BTC-7FEB25", "bids": [[97735.0, 2590.0], [97732.5, 4000.0], [97730.0, 7970.0], [97727.5, 26570.0], [97720.0, 25930.0], [97717.5, 22320.0], [97715.0, 70020.0], [97712.5, 780.0], [97710.0, 2590.0], [97707.5, 7000.0], [97705.0, 10040.0], [97700.0, 10.0], [97697.5, 7000.0], [97692.5, 20.0], [97685.0, 40.0], [97680.0, 7490.0], [97670.0, 7000.0], [97667.5, 50.0], [97660.0, 7010.0], [97650.0, 7000.0]], "asks": [[97737.5, 4320.0], [97740.0, 10.0], [97745.0, 40.0], [97747.5, 780.0], [97750.0, 5590.0], [97752.5, 10000.0], [97755.0, 2100.0], [97757.5, 7000.0], [97760.0, 10.0], [97765.0, 40.0], [97767.5, 2100.0], [97770.0, 9590.0], [97780.0, 10.0], [97785.0, 7040.0], [97792.5, 20.0], [97795.0, 7000.0], [97800.0, 10.0], [97802.5, 40.0], [97817.5, 7000.0], [97820.0, 10.0]]}}}
{"jsonrpc": "2.0", "method": "subscription", "params": {"channel": "book.BTC-14FEB25.none.20.100ms", "data": {"timestamp": 1738772085522, "change_id": 86957293060, "instrument_name": "BTC-14FEB25", "bids": [[97810.0, 740.0], [97807.5, 2470.0], [97805.0, 10.0], [97802.5, 20.0], [97800.0, 40120.0], [97797.5, 50000.0], [97795.0, 81240.0], [97792.5, 10000.0], [97790.0, 20.0], [97787.5, 1660.0], [97785.0, 5520.0], [97775.0, 8540.0], [97772.5, 7650.0], [97770.0, 2470.0], [97765.0, 5520.0], [97750.0, 5500.0], [97745.0, 20.0], [97740.0, 5500.0], [97737.5, 2000.0], [97730.0, 5500.0]], "asks": [[97830.0, 740.0], [97832.5, 2470.0], [97837.5, 3740.0], [97840.0, 10000.0], [97842.5, 20.0], [97855.0, 2390.0], [97857.5, 5500.0], [97860.0, 2470.0], [97862.5, 20.0], [97865.0, 19510.0], [97872.5, 5500.0], [97882.5, 5520.0], [97890.0, 20.0], [97892.5, 5500.0], [97902.5, 5520.0], [97915.0, 5500.0], [97920.0, 20.0], [97925.0, 5500.0], [97940.0, 5520.0], [97950.0, 38380.0]]}}}
{"jsonrpc": "2.0", "method": "subscription", "params": {"channel": "book.BTC-7FEB25.none.20.100ms", "data": {"timestamp": 1738772085543, "change_id": 86957293107, "instrument_name": "BTC-7FEB25", "bids": [[97732.5, 7000.0], [97730.0, 14970.0], [97727.5, 29160.0], [97720.0, 11770.0], [97717.5, 22320.0], [97715.0, 70020.0], [97712.5, 780.0], [97710.0, 7700.0], [97707.5, 7000.0], [97705.0, 10040.0], [97700.0, 10.0], [97697.5, 7000.0], [97692.5, 20.0], [97685.0, 40.0], [97680.0, 7490.0], [97670.0, 7000.0], [97667.5, 50.0], [97660.0, 7010.0], [97650.0, 7000.0], [97647.5, 40.0]], "asks": [[97735.0, 4000.0], [97737.5, 11000.0], [97740.0, 10.0], [97745.0, 40.0], [97747.5, 780.0], [97750.0, 5590.0], [97752.5, 10000.0], [97755.0, 2100.0], [97757.5, 7000.0], [97760.0, 10.0], [97765.0, 40.0], [97770.0, 9590.0], [97780.0, 10.0], [97782.5, 2110.0], [97785.0, 7040.0], [97792.5, 20.0], [97795.0, 7000.0], [97800.0, 10.0], [97802.5, 40.0], [97815.0, 2100.0]]}}}
{"jsonrpc": "2.0", "method": "subscription", "params": {"channel": "book.BTC-7FEB25.none.20.100ms", "data": {"timestamp": 1738772085878, "change_id": 86957293738, "instrument_name": "BTC-7FEB25", "bids": [[97727.5, 36160.0], [97720.0, 26230.0], [97717.5, 22320.0], [97715.0, 70020.0], [97712.5, 780.0], [97710.0, 7700.0], [97707.5, 7000.0], [97705.0, 10040.0], [97700.0, 10.0], [97697.5, 7000.0], [97692.5, 20.0], [97685.0, 40.0], [97680.0, 7490.0], [97670.0, 7000.0], [97667.5, 50.0], [97660.0, 7010.0], [97650.0, 7000.0], [97647.5, 40.0], [97640.0, 7010.0], [97630.0, 7000.0]], "asks": [[97730.0, 4320.0], [97732.5, 4000.0], [97735.0, 7300.0], [97737.5, 11000.0], [97740.0, 10.0], [97745.0, 40.0], [97747.5, 780.0], [97750.0, 5590.0], [97752.5, 10000.0], [97755.0, 2100.0], [97757.5, 7000.0], [97760.0, 10.0], [97765.0, 40.0], [97770.0, 9590.0], [97780.0, 10.0], [97782.5, 2110.0], [97785.0, 7040.0], [97792.5, 20.0], [97795.0, 7000.0], [97800.0, 10.0]]}}}
{"jsonrpc": "2.0", "method": "subscription", "params": {"channel": "book.BTC-14FEB25.none.20.100ms", "data": {"timestamp": 1738772086217, "change_id": 86957294181, "instrument_name": "BTC-14FEB25", "bids": [[97812.5, 740.0], [97810.0, 2470.0], [97807.5, 3000.0], [97805.0, 10010.0], [97802.5, 20.0], [97800.0, 40120.0], [97797.5, 50000.0], [97795.0, 78230.0], [97790.0, 20.0], [97787.5, 1660.0], [97785.0, 5520.0], [97775.0, 8540.0], [97772.5, 7650.0], [97770.0, 2470.0], [97767.5, 1660.0], [97765.0, 5520.0], [97750.0, 5500.0], [97745.0, 20.0], [97740.0, 5500.0], [97737.5, 2000.0]], "asks": [[97830.0, 740.0], [97832.5, 2470.0], [97837.5, 3740.0], [97840.0, 10000.0], [97842.5, 20.0], [97855.0, 2390.0], [97857.5, 5500.0], [97860.0, 2470.0], [97862.5, 5870.0], [97865.0, 19510.0], [97872.5, 5500.0], [97882.5, 5520.0], [97890.0, 20.0], [97892.5, 5500.0], [97900.0, 1660.0], [97902.5, 5520.0], [97915.0, 5500.0], [97920.0, 20.0], [97925.0, 5500.0], [97940.0, 5520.0]]}}}
{"jsonrpc": "2.0", "method": "subscription", "params": {"channel": "book.BTC-7FEB25.none.20.100ms", "data": {"timestamp": 1738772086280, "change_id": 86957294290, "instrument_name": "BTC-7FEB25", "bids": [[97727.5, 36160.0], [97720.0, 26230.0], [97717.5, 22320.0], [97715.0, 70020.0], [97712.5, 780.0], [97710.0, 7700.0], [97707.5, 7000.0], [97705.0, 10040.0], [97700.0, 10.0], [97697.5, 7000.0], [97692.5, 20.0], [97685.0, 40.0], [97680.0, 7490.0], [97670.0, 7000.0], [97667.5, 50.0], [97660.0, 7010.0], [97650.0, 7000.0], [97647.5, 40.0], [97640.0, 7010.0], [97630.0, 7000.0]], "asks": [[97730.0, 6210.0], [97732.5, 5480.0], [97735.0, 7300.0], [97737.5, 11000.0], [97740.0, 10.0], [97745.0, 40.0], [97747.5, 780.0], [97750.0, 5590.0], [97752.5, 10000.0], [97755.0, 2100.0], [97757.5, 7000.0], [97760.0, 10.0], [97765.0, 40.0], [97770.0, 9590.0], [97780.0, 10.0], [97782.5, 2110.0], [97785.0, 7040.0], [97792.5, 20.0], [97795.0, 7000.0], [97800.0, 10.0]]}}}
{"jsonrpc": "2.0", "method": "subscription", "params": {"channel": "book.BTC-14FEB25.none.20.100ms", "data": {"timestamp": 1738772086572, "change_id": 86957294739, "instrument_name": "BTC-14FEB25", "bids": [[97812.5, 740.0], [97810.0, 2470.0], [97807.5, 3000.0], [97805.0, 11670.0], [97802.5, 5520.0], [97800.0, 40120.0], [97797.5, 50000.0], [97795.0, 78230.0], [97790.0, 20.0], [97787.5, 1660.0], [97785.0, 5520.0], [97775.0, 5500.0], [97770.0, 2470.0], [97767.5, 1660.0], [97765.0, 5520.0], [97762.5, 7650.0], [97750.0, 5500.0], [97745.0, 20.0], [97740.0, 5500.0], [97737.5, 2000.0]], "asks": [[97830.0, 740.0], [97832.5, 2470.0], [97837.5, 3740.0], [97840.0, 10000.0], [97842.5, 20.0], [97855.0, 2390.0], [97857.5, 5500.0], [97860.0, 2470.0], [97862.5, 5870.0], [97865.0, 19510.0], [97872.5, 5500.0], [97882.5, 5520.0], [97890.0, 20.0], [97892.5, 5500.0], [97900.0, 1660.0], [97902.5, 5520.0], [97915.0, 5500.0], [97920.0, 20.0], [97925.0, 5500.0], [97940.0, 5520.0]]}}}
{"jsonrpc": "2.0", "method": "subscription", "params": {"channel": "book.BTC-7FEB25.none.20.100ms", "data": {"timestamp": 1738772086532, "change_id": 86957294722, "instrument_name": "BTC-7FEB25", "bids": [[97727.5, 36160.0], [97720.0, 26230.0], [97717.5, 22320.0], [97715.0, 70020.0], [97712.5, 780.0], [97710.0, 7700.0], [97707.5, 7000.0], [97705.0, 10040.0], [97702.5, 16690.0], [97700.0, 55630.0], [97697.5, 7000.0], [97692.5, 20.0], [97685.0, 40.0], [97680.0, 7490.0], [97672.5, 2100.0], [97670.0, 7000.0], [97667.5, 50.0], [97660.0, 7010.0], [97650.0, 7000.0], [97647.5, 40.0]], "asks": [[97730.0, 5890.0], [97732.5, 5480.0], [97735.0, 7300.0], [97737.5, 11000.0], [97740.0, 10.0], [97745.0, 40.0], [97747.5, 780.0], [97750.0, 5590.0], [97752.5, 10000.0], [97755.0, 2100.0], [97757.5, 7000.0], [97760.0, 10.0], [97765.0, 40.0], [97767.5, 2880.0], [97770.0, 9590.0], [97780.0, 10.0], [97782.5, 2110.0], [97785.0, 7040.0], [97792.5, 20.0], [97795.0, 7000.0]]}}}
{"jsonrpc": "2.0", "method": "subscription", "params": {"channel": "book.BTC-7FEB25.none.20.100ms", "data": {"timestamp": 1738772086750, "change_id": 86957295015, "instrument_name": "BTC-7FEB25", "bids": [[97727.5, 36160.0], [97722.5, 4600.0], [97720.0, 41550.0], [97717.5, 7000.0], [97715.0, 70020.0], [97712.5, 780.0], [97710.0, 7700.0], [97707.5, 7000.0], [97705.0, 10040.0], [97702.5, 16690.0], [97700.0, 55630.0], [97697.5, 7000.0], [97692.5, 20.0], [97685.0, 40.0], [97680.0, 7490.0], [97672.5, 2100.0], [97670.0, 7000.0], [97667.5, 50.0], [97660.0, 7010.0], [97650.0, 7000.0]], "asks": [[97730.0, 5890.0], [97732.5, 5480.0], [97735.0, 7300.0], [97737.5, 11000.0], [97740.0, 10.0], [97745.0, 40.0], [97747.5, 780.0], [97750.0, 5590.0], [97752.5, 10000.0], [97755.0, 2100.0], [97757.5, 7000.0], [97760.0, 10.0], [97765.0, 40.0], [97767.5, 2880.0], [97770.0, 9590.0], [97780.0, 10.0], [97782.5, 2110.0], [97785.0, 7040.0], [97792.5, 20.0], [97795.0, 7000.0]]}}}
{"jsonrpc": "2.0", "method": "subscription", "params": {"channel": "book.BTC-14FEB25.none.20.100ms", "data": {"timestamp": 1738772087280, "change_id": 86957295687, "instrument_name": "BTC-14FEB25", "bids": [[97812.5, 740.0], [97810.0, 2470.0], [97805.0, 10.0], [97802.5, 20.0], [97800.0, 40120.0], [97797.5, 50000.0], [97795.0, 78230.0], [97792.5, 3010.0], [97790.0, 10020.0], [97787.5, 1660.0], [97785.0, 5520.0], [97777.5, 1650.0], [97775.0, 5500.0], [97770.0, 2470.0], [97767.5, 1660.0], [97765.0, 5520.0], [97762.5, 7650.0], [97750.0, 5500.0], [97745.0, 20.0], [97742.5, 1650.0]], "asks": [[97825.0, 6000.0], [97827.5, 10000.0], [97830.0, 740.0], [97832.5, 2470.0], [97842.5, 20.0], [97845.0, 1650.0], [97847.5, 5500.0], [97855.0, 2390.0], [97857.5, 5500.0], [97860.0, 2470.0], [97862.5, 5870.0], [97865.0, 19510.0], [97870.0, 1650.0], [97872.5, 5500.0], [97882.5, 5520.0], [97890.0, 20.0], [97892.5, 5500.0], [97900.0, 1660.0], [97902.5, 5520.0], [97912.5, 1650.0]]}}}
{"jsonrpc": "2.0", "method": "subscription", "params": {"channel": "book.BTC-7FEB25.none.20.100ms", "data": {"timestamp": 1738772087280, "change_id": 86957295689, "instrument_name": "BTC-7FEB25", "bids": [[97727.5, 29160.0], [97722.5, 4600.0], [97720.0, 41550.0], [97717.5, 7000.0], [97715.0, 70020.0], [97712.5, 780.0], [97710.0, 7700.0], [97707.5, 7000.0], [97705.0, 10040.0], [97702.5, 16690.0], [97700.0, 55630.0], [97697.5, 7000.0], [97692.5, 20.0], [97685.0, 40.0], [97680.0, 7490.0], [97672.5, 2100.0], [97670.0, 7000.0], [97667.5, 50.0], [97660.0, 7010.0], [97650.0, 7000.0]], "asks": [[97730.0, 5890.0], [97732.5, 5480.0], [97735.0, 7300.0], [97737.5, 11000.0], [97740.0, 10.0], [97745.0, 40.0], [97747.5, 780.0], [97750.0, 5590.0], [97752.5, 10000.0], [97755.0, 2100.0], [97757.5, 7000.0], [97760.0, 10.0], [97765.0, 40.0], [97767.5, 2880.0], [97770.0, 9590.0], [97780.0, 10.0], [97782.5, 2110.0], [97785.0, 7040.0], [97792.5, 20.0], [97795.0, 7000.0]]}}}
{"jsonrpc": "2.0", "method": "subscription", "params": {"channel": "book.BTC-14FEB25.none.20.100ms", "data": {"timestamp": 1738772087363, "change_id": 86957295854, "instrument_name": "BTC-14FEB25", "bids": [[97812.5, 740.0], [97810.0, 2470.0], [97805.0, 1670.0], [97802.5, 5520.0], [97800.0, 40120.0], [97797.5, 50000.0], [97795.0, 78230.0], [97792.5, 3010.0], [97790.0, 10020.0], [97787.5, 1660.0], [97785.0, 5520.0], [97777.5, 1650.0], [97775.0, 5500.0], [97770.0, 2470.0], [97767.5, 1660.0], [97765.0, 5520.0], [97762.5, 7650.0], [97750.0, 5500.0], [97745.0, 20.0], [97742.5, 1650.0]], "asks": [[97830.0, 740.0], [97832.5, 2470.0], [97842.5, 20.0], [97855.0, 2390.0], [97857.5, 5500.0], [97860.0, 2470.0], [97862.5, 5870.0], [97865.0, 19510.0], [97870.0, 1650.0], [97872.5, 5500.0], [97882.5, 5520.0], [97890.0, 20.0], [97892.5, 5500.0], [97900.0, 1660.0], [97902.5, 5520.0], [97912.5, 1650.0], [97915.0, 5500.0], [97920.0, 20.0], [97925.0, 5500.0], [97940.0, 5520.0]]}}}
{"jsonrpc": "2.0", "method": "subscription", "params": {"channel": "book.BTC-7FEB25.none.20.100ms", "data": {"timestamp": 1738772087426, "change_id": 86957296124, "instrument_name": "BTC-7FEB25", "bids": [[97727.5, 36160.0], [97722.5, 4600.0], [97720.0, 41550.0], [97717.5, 7000.0], [97715.0, 70020.0], [97712.5, 780.0], [97710.0, 7700.0], [97707.5, 7000.0], [97705.0, 10040.0], [97702.5, 16690.0], [97700.0, 55630.0], [97697.5, 7000.0], [97692.5, 20.0], [97685.0, 40.0], [97682.5, 2250.0], [97680.0, 7490.0], [97672.5, 2100.0], [97670.0, 7000.0], [97667.5, 50.0], [97660.0, 7010.0]], "asks": [[97730.0, 1890.0], [97732.5, 1480.0], [97740.0, 10.0], [97745.0, 40.0], [97747.5, 780.0], [97750.0, 5590.0], [97752.5, 10000.0], [97755.0, 2100.0], [97757.5, 7000.0], [97760.0, 10.0], [97765.0, 40.0], [97767.5, 2880.0], [97770.0, 9590.0], [97780.0, 10.0], [97782.5, 2110.0], [97785.0, 7040.0], [97792.5, 2120.0], [97795.0, 7000.0], [97800.0, 10.0], [97802.5, 40.0]]}}}
{"jsonrpc": "2.0", "method": "subscription", "params": {"channel": "book.BTC-14FEB25.none.20.100ms", "data": {"timestamp": 1738772087861, "change_id": 86957296969, "instrument_name": "BTC-14FEB25", "bids": [[97812.5, 740.0], [97810.0, 2470.0], [97805.0, 1670.0], [97802.5, 5520.0], [97800.0, 40120.0], [97797.5, 50000.0], [97795.0, 78230.0], [97792.5, 3010.0], [97790.0, 10020.0], [97785.0, 5520.0], [97777.5, 1650.0], [97775.0, 5500.0], [97770.0, 2470.0], [97765.0, 5520.0], [97762.5, 7650.0], [97750.0, 5500.0], [97745.0, 20.0], [97742.5, 1650.0], [97740.0, 5500.0], [97737.5, 2000.0]], "asks": [[97832.5, 3000.0], [97835.0, 10740.0], [97837.5, 2470.0], [97842.5, 20.0], [97855.0, 1650.0], [97857.5, 5500.0], [97860.0, 2470.0], [97862.5, 20.0], [97865.0, 19510.0], [97872.5, 5500.0], [97882.5, 5520.0], [97890.0, 20.0], [97892.5, 5500.0], [97900.0, 1660.0], [97902.5, 5520.0], [97915.0, 5500.0], [97920.0, 20.0], [97925.0, 5500.0], [97940.0, 5520.0], [97950.0, 38380.0]]}}}
{"jsonrpc": "2.0", "method": "subscription", "params": {"channel": "book.BTC-7FEB25.none.20.100ms", "data": {"timestamp": 1738772087864, "change_id": 86957296971, "instrument_name": "BTC-7FEB25", "bids": [[97727.5, 36160.0], [97722.5, 4600.0], [97720.0, 41550.0], [97717.5, 7000.0], [97715.0, 70020.0], [97712.5, 780.0], [97710.0, 7700.0], [97707.5, 7000.0], [97705.0, 10040.0], [97702.5, 16690.0], [97700.0, 55630.0], [97697.5, 7000.0], [97692.5, 20.0], [97685.0, 40.0], [97682.5, 2250.0], [97680.0, 7490.0], [97672.5, 2100.0], [97670.0, 7000.0], [97667.5, 50.0], [97660.0, 7010.0]], "asks": [[97730.0, 1890.0], [97732.5, 1480.0], [97740.0, 10.0], [97745.0, 40.0], [97750.0, 3000.0], [97752.5, 10000.0], [97755.0, 4690.0], [97757.5, 7000.0], [97760.0, 10.0], [97765.0, 40.0], [97770.0, 9590.0], [97780.0, 10.0], [97782.5, 2110.0], [97785.0, 7040.0], [97792.5, 2120.0], [97795.0, 7000.0], [97800.0, 10.0], [97802.5, 40.0], [97815.0, 2100.0], [97817.5, 7000.0]]}}}
{"jsonrpc": "2.0", "method": "subscription", "params": {"channel": "book.BTC-14FEB25.none.20.100ms", "data": {"timestamp": 1738772088242, "change_id": 86957297321, "instrument_name": "BTC-14FEB25", "bids": [[97812.5, 740.0], [97810.0, 2470.0], [97805.0, 1670.0], [97802.5, 5520.0], [97792.5, 3010.0], [97790.0, 10020.0], [97785.0, 5520.0], [97777.5, 1650.0], [97775.0, 55500.0], [97770.0, 2470.0], [97765.0, 5520.0], [97762.5, 7650.0], [97750.0, 5500.0], [97745.0, 20.0], [97742.5, 1650.0], [97740.0, 5500.0], [97737.5, 2000.0], [97730.0, 5500.0], [97725.0, 20.0], [97722.5, 10.0]], "asks": [[97832.5, 3000.0], [97835.0, 10740.0], [97837.5, 2470.0], [97842.5, 20.0], [97855.0, 1650.0], [97857.5, 5500.0], [97860.0, 2470.0], [97862.5, 20.0], [97865.0, 19510.0], [97872.5, 5500.0], [97882.5, 5520.0], [97890.0, 20.0], [97892.5, 5500.0], [97900.0, 1660.0], [97902.5, 5520.0], [97915.0, 5500.0], [97920.0, 20.0], [97925.0, 5500.0], [97940.0, 5520.0], [97950.0, 38380.0]]}}}
