{"jsonrpc": "2.0", "method": "subscription", "params": {"channel": "book.BTC-7MAR25.none.20.100ms", "data": {"timestamp": 1741083944323, "change_id": 90844348523, "instrument_name": "BTC-7MAR25", "bids": [[83617.5, 2600.0], [83615.0, 780.0], [83612.5, 2600.0], [83610.0, 780.0], [83607.5, 2600.0], [83605.0, 2120.0], [83602.5, 2600.0], [83600.0, 9070.0], [83597.5, 13230.0], [83595.0, 6500.0], [83592.5, 4550.0], [83590.0, 15160.0], [83587.5, 4610.0], [83585.0, 16500.0], [83580.0, 120.0], [83577.5, 750.0], [83575.0, 4450.0], [83572.5, 52060.0], [83565.0, 6850.0], [83562.5, 6500.0]], "asks": [[83622.5, 2500.0], [83627.5, 120.0], [83630.0, 3000.0], [83632.5, 10000.0], [83642.5, 15000.0], [83645.0, 65990.0], [83647.5, 44290.0], [83650.0, 9000.0], [83652.5, 600.0], [83655.0, 2000.0], [83657.5, 1950.0], [83660.0, 6500.0], [83667.5, 40.0], [83675.0, 1950.0], [83677.5, 6500.0], [83685.0, 6680.0], [83687.5, 6500.0], [83690.0, 15760.0], [83695.0, 19900.0], [83697.5, 66320.0]]}}}
{"jsonrpc": "2.0", "method": "subscription", "params": {"channel": "book.BTC-7MAR25.none.20.100ms", "data": {"timestamp": 1741083944812, "change_id": 90844349163, "instrument_name": "BTC-7MAR25", "bids": [[83612.5, 2600.0], [83607.5, 2600.0], [83605.0, 2120.0], [83602.5, 2600.0], [83600.0, 9070.0], [83597.5, 13230.0], [83592.5, 4550.0], [83590.0, 15160.0], [83587.5, 4610.0], [83585.0, 16500.0], [83580.0, 120.0], [83577.5, 750.0], [83575.0, 4450.0], [83572.5, 52060.0], [83565.0, 6850.0], [83562.5, 6500.0], [83560.0, 16330.0], [83555.0, 1950.0], [83552.5, 6500.0], [83540.0, 1950.0]], "asks": [[83617.5, 2600.0], [83620.0, 2600.0], [83622.5, 2500.0], [83627.5, 120.0], [83630.0, 3000.0], [83632.5, 10000.0], [83635.0, 1950.0], [83637.5, 6500.0], [83642.5, 15000.0], [83645.0, 65990.0], [83647.5, 44290.0], [83650.0, 9000.0], [83652.5, 600.0], [83655.0, 2000.0], [83657.5, 1950.0], [83660.0, 6500.0], [83667.5, 40.0], [83675.0, 1950.0], [83677.5, 6500.0], [83685.0, 6680.0]]}}}
{"jsonrpc": "2.0", "method": "subscription", "params": {"channel": "book.BTC-14MAR25.none.20.100ms", "data": {"timestamp": 1741083944965, "change_id": 90844349310, "instrument_name": "BTC-14MAR25", "bids": [[83682.5, 1700.0], [83680.0, 3390.0], [83677.5, 1700.0], [83675.0, 10510.0], [83672.5, 1700.0], [83670.0, 12280.0], [83667.5, 36980.0], [83665.0, 4500.0], [83662.5, 910.0], [83660.0, 2630.0], [83657.5, 1350.0], [83655.0, 4500.0], [83647.5, 3600.0], [83645.0, 21430.0], [83640.0, 23880.0], [83632.5, 4500.0], [83627.5, 2630.0], [83625.0, 4440.0], [83622.5, 14810.0], [83620.0, 1350.0]], "asks": [[83687.5, 2630.0], [83695.0, 1350.0], [83697.5, 4500.0], [83707.5, 790.0], [83710.0, 2630.0], [83712.5, 10620.0], [83715.0, 38000.0], [83720.0, 51350.0], [83722.5, 4500.0], [83730.0, 4360.0], [83732.5, 10000.0], [83735.0, 4520.0], [83742.5, 1350.0], [83745.0, 4500.0], [83752.5, 1350.0], [83755.0, 4500.0], [83760.0, 600.0], [83762.5, 2000.0], [83775.0, 1350.0], [83777.5, 4500.0]]}}}
{"jsonrpc": "2.0", "method": "subscription", "params": {"channel": "book.BTC-14MAR25.none.20.100ms", "data": {"timestamp": 1741083945286, "change_id": 90844349792, "instrument_name": "BTC-14MAR25", "bids": [[83682.5, 1700.0], [83680.0, 3390.0], [83677.5, 1700.0], [83675.0, 10510.0], [83672.5, 1700.0], [83670.0, 12280.0], [83667.5, 36980.0], [83665.0, 4500.0], [83662.5, 910.0], [83660.0, 2630.0], [83657.5, 1350.0], [83655.0, 4500.0], [83647.5, 3600.0], [83645.0, 21430.0], [83640.0, 23880.0], [83635.0, 1350.0], [83632.5, 4500.0], [83627.5, 2630.0], [83625.0, 4440.0], [83622.5, 14810.0]], "asks": [[83687.5, 2630.0], [83695.0, 1350.0], [83697.5, 4500.0], [83707.5, 790.0], [83710.0, 2630.0], [83712.5, 10620.0], [83715.0, 38000.0], [83720.0, 51350.0], [83722.5, 4500.0], [83730.0, 4360.0], [83732.5, 10000.0], [83735.0, 4520.0], [83742.5, 1350.0], [83745.0, 4500.0], [83752.5, 1350.0], [83755.0, 4500.0], [83760.0, 600.0], [83762.5, 2000.0], [83775.0, 1350.0], [83777.5, 4500.0]]}}}
{"jsonrpc": "2.0", "method": "subscription", "params": {"channel": "book.BTC-7MAR25.none.20.100ms", "data": {"timestamp": 1741083945206, "change_id": 90844349714, "instrument_name": "BTC-7MAR25", "bids": [[83610.0, 3380.0], [83607.5, 2600.0], [83605.0, 2120.0], [83602.5, 2600.0], [83600.0, 9070.0], [83597.5, 13230.0], [83595.0, 2600.0], [83592.5, 4550.0], [83590.0, 15160.0], [83587.5, 4610.0], [83585.0, 16500.0], [83580.0, 120.0], [83577.5, 750.0], [83575.0, 4450.0], [83572.5, 52060.0], [83565.0, 6850.0], [83562.5, 6500.0], [83560.0, 16330.0], [83555.0, 1950.0], [83552.5, 6500.0]], "asks": [[83617.5, 2600.0], [83620.0, 3350.0], [83622.5, 2500.0], [83627.5, 120.0], [83630.0, 3000.0], [83632.5, 10000.0], [83635.0, 1950.0], [83637.5, 6500.0], [83642.5, 15000.0], [83645.0, 65990.0], [83647.5, 44290.0], [83650.0, 9000.0], [83652.5, 600.0], [83655.0, 2000.0], [83657.5, 1950.0], [83660.0, 6500.0], [83667.5, 40.0], [83675.0, 1950.0], [83677.5, 6500.0], [83685.0, 6680.0]]}}}
{"jsonrpc": "2.0", "method": "subscription", "params": {"channel": "book.BTC-7MAR25.none.20.100ms", "data": {"timestamp": 1741083945587, "change_id": 90844350364, "instrument_name": "BTC-7MAR25", "bids": [[83607.5, 4550.0], [83605.0, 8620.0], [83602.5, 2600.0], [83600.0, 9070.0], [83597.5, 13230.0], [83595.0, 2600.0], [83592.5, 4550.0], [83590.0, 15160.0], [83587.5, 4610.0], [83585.0, 16500.0], [83580.0, 120.0], [83577.5, 750.0], [83575.0, 17870.0], [83572.5, 52060.0], [83565.0, 6850.0], [83562.5, 6500.0], [83560.0, 16330.0], [83555.0, 1950.0], [83552.5, 6500.0], [83540.0, 1950.0]], "asks": [[83617.5, 2600.0], [83620.0, 3350.0], [83622.5, 2500.0], [83627.5, 120.0], [83630.0, 3000.0], [83632.5, 10000.0], [83635.0, 1950.0], [83637.5, 6500.0], [83640.0, 15000.0], [83642.5, 50000.0], [83645.0, 15990.0], [83647.5, 44290.0], [83650.0, 9000.0], [83652.5, 600.0], [83655.0, 2000.0], [83657.5, 1950.0], [83660.0, 6500.0], [83667.5, 40.0], [83675.0, 1950.0], [83677.5, 6500.0]]}}}
{"jsonrpc": "2.0", "method": "subscription", "params": {"channel": "book.BTC-14MAR25.none.20.100ms", "data": {"timestamp": 1741083945426, "change_id": 90844350029, "instrument_name": "BTC-14MAR25", "bids": [[83680.0, 3390.0], [83677.5, 1700.0], [83675.0, 10510.0], [83672.5, 1700.0], [83670.0, 12280.0], [83667.5, 36980.0], [83665.0, 4500.0], [83662.5, 910.0], [83660.0, 2630.0], [83657.5, 1350.0], [83655.0, 4500.0], [83647.5, 3600.0], [83645.0, 21430.0], [83640.0, 23880.0], [83635.0, 1350.0], [83632.5, 4500.0], [83627.5, 2630.0], [83625.0, 4440.0], [83622.5, 14810.0], [83620.0, 1350.0]], "asks": [[83687.5, 2630.0], [83695.0, 1350.0], [83697.5, 4500.0], [83707.5, 790.0], [83710.0, 2630.0], [83712.5, 10620.0], [83715.0, 38000.0], [83720.0, 51350.0], [83722.5, 4500.0], [83730.0, 4360.0], [83732.5, 10000.0], [83735.0, 4520.0], [83742.5, 1350.0], [83745.0, 4500.0], [83752.5, 1350.0], [83755.0, 4500.0], [83760.0, 600.0], [83762.5, 2000.0], [83775.0, 1350.0], [83777.5, 4500.0]]}}}
{"jsonrpc": "2.0", "method": "subscription", "params": {"channel": "book.BTC-7MAR25.none.20.100ms", "data": {"timestamp": 1741083945930, "change_id": 90844350544, "instrument_name": "BTC-7MAR25", "bids": [[83610.0, 3380.0], [83607.5, 2600.0], [83605.0, 2120.0], [83602.5, 2600.0], [83600.0, 9070.0], [83597.5, 13230.0], [83595.0, 2600.0], [83592.5, 4550.0], [83590.0, 15160.0], [83587.5, 4610.0], [83585.0, 16500.0], [83580.0, 120.0], [83577.5, 750.0], [83575.0, 17870.0], [83572.5, 52060.0], [83565.0, 6850.0], [83562.5, 6500.0], [83560.0, 16330.0], [83555.0, 1950.0], [83552.5, 6500.0]], "asks": [[83617.5, 2600.0], [83620.0, 3350.0], [83622.5, 2500.0], [83625.0, 820.0], [83627.5, 2720.0], [83630.0, 3000.0], [83632.5, 10000.0], [83635.0, 1950.0], [83637.5, 6500.0], [83640.0, 15000.0], [83642.5, 50000.0], [83645.0, 15990.0], [83647.5, 44290.0], [83650.0, 9000.0], [83652.5, 600.0], [83655.0, 2000.0], [83657.5, 1950.0], [83660.0, 6500.0], [83667.5, 40.0], [83675.0, 1950.0]]}}}
{"jsonrpc": "2.0", "method": "subscription", "params": {"channel": "book.BTC-14MAR25.none.20.100ms", "data": {"timestamp": 1741083945900, "change_id": 90844350529, "instrument_name": "BTC-14MAR25", "bids": [[83680.0, 3390.0], [83677.5, 1700.0], [83675.0, 10510.0], [83672.5, 1700.0], [83670.0, 12280.0], [83667.5, 36980.0], [83665.0, 4500.0], [83662.5, 910.0], [83660.0, 2630.0], [83657.5, 1350.0], [83655.0, 4500.0], [83647.5, 3600.0], [83645.0, 21430.0], [83640.0, 23880.0], [83635.0, 1350.0], [83632.5, 4500.0], [83627.5, 2630.0], [83625.0, 4440.0], [83622.5, 14810.0], [83620.0, 1350.0]], "asks": [[83687.5, 2630.0], [83695.0, 1350.0], [83697.5, 4500.0], [83707.5, 790.0], [83710.0, 2630.0], [83712.5, 10620.0], [83715.0, 38000.0], [83720.0, 51350.0], [83722.5, 4500.0], [83730.0, 4360.0], [83732.5, 10000.0], [83735.0, 4520.0], [83742.5, 1350.0], [83745.0, 4500.0], [83752.5, 1350.0], [83755.0, 4500.0], [83760.0, 600.0], [83762.5, 2000.0], [83775.0, 1350.0], [83777.5, 4500.0]]}}}
{"jsonrpc": "2.0", "method": "subscription", "params": {"channel": "book.BTC-7MAR25.none.20.100ms", "data": {"timestamp": 1741083946248, "change_id": 90844351010, "instrument_name": "BTC-7MAR25", "bids": [[83612.5, 9830.0], [83610.0, 3380.0], [83607.5, 2600.0], [83605.0, 2120.0], [83602.5, 2600.0], [83600.0, 9070.0], [83597.5, 13230.0], [83595.0, 7150.0], [83592.5, 15160.0], [83587.5, 4610.0], [83585.0, 16500.0], [83580.0, 120.0], [83577.5, 750.0], [83575.0, 17870.0], [83572.5, 52060.0], [83565.0, 6850.0], [83562.5, 6500.0], [83560.0, 16330.0], [83555.0, 1950.0], [83552.5, 6500.0]], "asks": [[83617.5, 4130.0], [83620.0, 2600.0], [83622.5, 2500.0], [83625.0, 820.0], [83627.5, 2720.0], [83630.0, 3000.0], [83632.5, 10000.0], [83635.0, 1950.0], [83637.5, 6500.0], [83640.0, 15000.0], [83642.5, 50000.0], [83645.0, 15990.0], [83647.5, 44290.0], [83650.0, 9000.0], [83652.5, 600.0], [83655.0, 2000.0], [83657.5, 1950.0], [83660.0, 6500.0], [83667.5, 40.0], [83675.0, 1950.0]]}}}
{"jsonrpc": "2.0", "method": "subscription", "params": {"channel": "book.BTC-14MAR25.none.20.100ms", "data": {"timestamp": 1741083945996, "change_id": 90844350653, "instrument_name": "BTC-14MAR25", "bids": [[83680.0, 3390.0], [83677.5, 1700.0], [83675.0, 10510.0], [83672.5, 1700.0], [83670.0, 12280.0], [83667.5, 36980.0], [83665.0, 4500.0], [83662.5, 910.0], [83660.0, 2630.0], [83657.5, 1350.0], [83655.0, 4500.0], [83645.0, 13920.0], [83642.5, 7510.0], [83640.0, 23880.0], [83635.0, 1350.0], [83632.5, 4500.0], [83627.5, 2630.0], [83625.0, 4440.0], [83622.5, 14810.0], [83620.0, 1350.0]], "asks": [[83687.5, 2630.0], [83695.0, 1350.0], [83697.5, 4500.0], [83707.5, 790.0], [83710.0, 2630.0], [83712.5, 10620.0], [83715.0, 38000.0], [83720.0, 51350.0], [83722.5, 4500.0], [83730.0, 4360.0], [83732.5, 10000.0], [83735.0, 4520.0], [83742.5, 1350.0], [83745.0, 4500.0], [83752.5, 1350.0], [83755.0, 4500.0], [83760.0, 600.0], [83762.5, 2000.0], [83775.0, 1350.0], [83777.5, 4500.0]]}}}
{"jsonrpc": "2.0", "method": "subscription", "params": {"channel": "book.BTC-14MAR25.none.20.100ms", "data": {"timestamp": 1741083946475, "change_id": 90844351456, "instrument_name": "BTC-14MAR25", "bids": [[83680.0, 3390.0], [83677.5, 1700.0], [83675.0, 10510.0], [83672.5, 1700.0], [83670.0, 12280.0], [83667.5, 36980.0], [83665.0, 4500.0], [83662.5, 910.0], [83660.0, 2630.0], [83657.5, 1350.0], [83655.0, 4500.0], [83647.5, 1350.0], [83645.0, 13920.0], [83642.5, 7510.0], [83640.0, 23880.0], [83635.0, 1350.0], [83632.5, 4500.0], [83627.5, 2630.0], [83625.0, 4440.0], [83622.5, 14810.0]], "asks": [[83687.5, 2630.0], [83702.5, 120.0], [83707.5, 790.0], [83710.0, 2630.0], [83712.5, 10500.0], [83715.0, 38000.0], [83720.0, 51350.0], [83722.5, 4500.0], [83730.0, 4360.0], [83732.5, 10000.0], [83735.0, 4520.0], [83742.5, 1350.0], [83745.0, 4500.0], [83752.5, 1350.0], [83755.0, 4500.0], [83760.0, 600.0], [83762.5, 2000.0], [83775.0, 1350.0], [83777.5, 4500.0], [83780.0, 7290.0]]}}}
{"jsonrpc": "2.0", "method": "subscription", "params": {"channel": "book.BTC-7MAR25.none.20.100ms", "data": {"timestamp": 1741083946629, "change_id": 90844351710, "instrument_name": "BTC-7MAR25", "bids": [[83615.0, 5330.0], [83612.5, 6500.0], [83610.0, 3380.0], [83607.5, 2600.0], [83605.0, 4000.0], [83602.5, 9100.0], [83600.0, 9070.0], [83597.5, 13230.0], [83595.0, 7150.0], [83592.5, 15160.0], [83587.5, 4610.0], [83585.0, 16500.0], [83580.0, 120.0], [83577.5, 750.0], [83575.0, 17870.0], [83572.5, 52060.0], [83565.0, 6850.0], [83562.5, 6500.0], [83560.0, 16330.0], [83555.0, 1950.0]], "asks": [[83622.5, 2500.0], [83625.0, 820.0], [83627.5, 2720.0], [83630.0, 3000.0], [83632.5, 10000.0], [83640.0, 15000.0], [83642.5, 50000.0], [83645.0, 15990.0], [83647.5, 44290.0], [83650.0, 9000.0], [83652.5, 600.0], [83655.0, 2000.0], [83657.5, 1950.0], [83660.0, 6500.0], [83667.5, 40.0], [83675.0, 1950.0], [83677.5, 6500.0], [83685.0, 6680.0], [83687.5, 6500.0], [83690.0, 15760.0]]}}}
{"jsonrpc": "2.0", "method": "subscription", "params": {"channel": "book.BTC-14MAR25.none.20.100ms", "data": {"timestamp": 1741083946708, "change_id": 90844351749, "instrument_name": "BTC-14MAR25", "bids": [[83680.0, 3390.0], [83677.5, 1700.0], [83675.0, 10510.0], [83672.5, 1700.0], [83670.0, 12280.0], [83667.5, 36980.0], [83665.0, 4500.0], [83662.5, 910.0], [83660.0, 2630.0], [83657.5, 1350.0], [83655.0, 4500.0], [83647.5, 1350.0], [83645.0, 13920.0], [83642.5, 7510.0], [83640.0, 23880.0], [83635.0, 1350.0], [83632.5, 4500.0], [83627.5, 2630.0], [83625.0, 4440.0], [83622.5, 14810.0]], "asks": [[83687.5, 2630.0], [83702.5, 120.0], [83707.5, 790.0], [83710.0, 2630.0], [83712.5, 10500.0], [83715.0, 38000.0], [83720.0, 51350.0], [83722.5, 4500.0], [83730.0, 4360.0], [83732.5, 10000.0], [83735.0, 4520.0], [83742.5, 1350.0], [83745.0, 4500.0], [83752.5, 1350.0], [83755.0, 4500.0], [83760.0, 600.0], [83762.5, 2000.0], [83775.0, 1350.0], [83777.5, 4500.0], [83780.0, 7290.0]]}}}
{"jsonrpc": "2.0", "method": "subscription", "params": {"channel": "book.BTC-7MAR25.none.20.100ms", "data": {"timestamp": 1741083946716, "change_id": 90844351756, "instrument_name": "BTC-7MAR25", "bids": [[83617.5, 3380.0], [83615.0, 2600.0], [83612.5, 780.0], [83610.0, 3380.0], [83607.5, 2600.0], [83605.0, 4000.0], [83602.5, 9100.0], [83600.0, 9070.0], [83597.5, 13230.0], [83595.0, 7150.0], [83592.5, 15160.0], [83587.5, 4610.0], [83585.0, 16500.0], [83580.0, 120.0], [83577.5, 750.0], [83575.0, 17870.0], [83572.5, 52060.0], [83565.0, 6850.0], [83562.5, 6500.0], [83560.0, 16330.0]], "asks": [[83622.5, 2500.0], [83627.5, 2720.0], [83630.0, 3000.0], [83632.5, 10000.0], [83640.0, 15000.0], [83645.0, 65990.0], [83647.5, 44290.0], [83650.0, 9000.0], [83652.5, 600.0], [83655.0, 2000.0], [83657.5, 1950.0], [83660.0, 6500.0], [83667.5, 40.0], [83675.0, 1950.0], [83677.5, 6500.0], [83685.0, 6680.0], [83687.5, 6500.0], [83690.0, 15760.0], [83695.0, 19900.0], [83697.5, 66320.0]]}}}
{"jsonrpc": "2.0", "method": "subscription", "params": {"channel": "book.BTC-7MAR25.none.20.100ms", "data": {"timestamp": 1741083947197, "change_id": 90844352229, "instrument_name": "BTC-7MAR25", "bids": [[83617.5, 3380.0], [83615.0, 2600.0], [83610.0, 1460.0], [83607.5, 2600.0], [83605.0, 6600.0], [83602.5, 9100.0], [83600.0, 9070.0], [83597.5, 13230.0], [83595.0, 7150.0], [83592.5, 15160.0], [83587.5, 4610.0], [83585.0, 16500.0], [83580.0, 120.0], [83577.5, 750.0], [83575.0, 17870.0], [83572.5, 52060.0], [83565.0, 6850.0], [83562.5, 6500.0], [83560.0, 16330.0], [83555.0, 1950.0]], "asks": [[83622.5, 2500.0], [83627.5, 2720.0], [83630.0, 3000.0], [83632.5, 10000.0], [83640.0, 15000.0], [83645.0, 65990.0], [83647.5, 44290.0], [83650.0, 9000.0], [83652.5, 600.0], [83655.0, 2000.0], [83657.5, 1950.0], [83660.0, 6500.0], [83667.5, 40.0], [83675.0, 1950.0], [83677.5, 6500.0], [83685.0, 6680.0], [83687.5, 6500.0], [83690.0, 15760.0], [83695.0, 19900.0], [83697.5, 66320.0]]}}}
{"jsonrpc": "2.0", "method": "subscription", "params": {"channel": "book.BTC-7MAR25.none.20.100ms", "data": {"timestamp": 1741083947614, "change_id": 90844352978, "instrument_name": "BTC-7MAR25", "bids": [[83612.5, 12430.0], [83610.0, 1460.0], [83607.5, 2600.0], [83605.0, 4910.0], [83602.5, 2600.0], [83600.0, 11300.0], [83597.5, 13230.0], [83595.0, 13650.0], [83592.5, 15160.0], [83587.5, 4610.0], [83585.0, 16500.0], [83580.0, 120.0], [83577.5, 750.0], [83575.0, 17870.0], [83572.5, 52060.0], [83565.0, 6850.0], [83562.5, 6500.0], [83560.0, 16330.0], [83555.0, 1950.0], [83552.5, 6500.0]], "asks": [[83620.0, 3350.0], [83622.5, 2500.0], [83625.0, 820.0], [83627.5, 2720.0], [83630.0, 3000.0], [83632.5, 10000.0], [83637.5, 1950.0], [83640.0, 21500.0], [83645.0, 65990.0], [83647.5, 44290.0], [83650.0, 9000.0], [83652.5, 600.0], [83655.0, 2000.0], [83657.5, 1950.0], [83660.0, 6500.0], [83667.5, 40.0], [83675.0, 1950.0], [83677.5, 6500.0], [83685.0, 6680.0], [83687.5, 6500.0]]}}}
{"jsonrpc": "2.0", "method": "subscription", "params": {"channel": "book.BTC-14MAR25.none.20.100ms", "data": {"timestamp": 1741083947414, "change_id": 90844352552, "instrument_name": "BTC-14MAR25", "bids": [[83680.0, 3390.0], [83677.5, 1700.0], [83675.0, 10510.0], [83672.5, 1700.0], [83670.0, 12280.0], [83667.5, 36980.0], [83665.0, 4500.0], [83662.5, 910.0], [83660.0, 2630.0], [83657.5, 1350.0], [83655.0, 4500.0], [83647.5, 1350.0], [83645.0, 13920.0], [83642.5, 7510.0], [83640.0, 23880.0], [83635.0, 1350.0], [83632.5, 4500.0], [83630.0, 790.0], [83627.5, 2630.0], [83625.0, 4440.0]], "asks": [[83687.5, 2630.0], [83695.0, 1350.0], [83697.5, 4500.0], [83702.5, 120.0], [83707.5, 790.0], [83710.0, 2630.0], [83712.5, 10500.0], [83715.0, 38000.0], [83720.0, 51350.0], [83722.5, 4500.0], [83730.0, 4360.0], [83732.5, 10000.0], [83735.0, 4520.0], [83742.5, 1350.0], [83745.0, 4500.0], [83752.5, 1350.0], [83755.0, 4500.0], [83760.0, 600.0], [83762.5, 2000.0], [83775.0, 1350.0]]}}}
{"jsonrpc": "2.0", "method": "subscription", "params": {"channel": "book.BTC-7MAR25.none.20.100ms", "data": {"timestamp": 1741083947958, "change_id": 90844353291, "instrument_name": "BTC-7MAR25", "bids": [[83617.5, 3380.0], [83615.0, 5330.0], [83612.5, 9100.0], [83610.0, 780.0], [83607.5, 2600.0], [83605.0, 2310.0], [83602.5, 2600.0], [83600.0, 11300.0], [83597.5, 13230.0], [83595.0, 13650.0], [83592.5, 15160.0], [83587.5, 4610.0], [83585.0, 16500.0], [83580.0, 120.0], [83577.5, 750.0], [83575.0, 17870.0], [83572.5, 52060.0], [83565.0, 6850.0], [83562.5, 6500.0], [83560.0, 16330.0]], "asks": [[83622.5, 2500.0], [83625.0, 820.0], [83627.5, 2720.0], [83630.0, 3000.0], [83632.5, 10000.0], [83640.0, 15000.0], [83645.0, 65990.0], [83647.5, 44290.0], [83650.0, 9000.0], [83652.5, 600.0], [83655.0, 2000.0], [83657.5, 1950.0], [83660.0, 6500.0], [83667.5, 40.0], [83675.0, 1950.0], [83677.5, 6500.0], [83685.0, 6680.0], [83687.5, 6500.0], [83690.0, 15760.0], [83695.0, 19900.0]]}}}
{"jsonrpc": "2.0", "method": "subscription", "params": {"channel": "book.BTC-14MAR25.none.20.100ms", "data": {"timestamp": 1741083947646, "change_id": 90844352986, "instrument_name": "BTC-14MAR25", "bids": [[83680.0, 3390.0], [83677.5, 1700.0], [83675.0, 10510.0], [83672.5, 1700.0], [83670.0, 12280.0], [83667.5, 36980.0], [83665.0, 4500.0], [83662.5, 910.0], [83660.0, 2630.0], [83657.5, 1350.0], [83655.0, 4500.0], [83647.5, 1350.0], [83645.0, 13920.0], [83642.5, 7510.0], [83640.0, 23880.0], [83635.0, 1350.0], [83632.5, 4500.0], [83630.0, 790.0], [83627.5, 2630.0], [83625.0, 4440.0]], "asks": [[83687.5, 2630.0], [83702.5, 120.0], [83707.5, 790.0], [83710.0, 2630.0], [83712.5, 10500.0], [83715.0, 38000.0], [83720.0, 51350.0], [83722.5, 4500.0], [83730.0, 4360.0], [83732.5, 10000.0], [83735.0, 4520.0], [83742.5, 1350.0], [83745.0, 4500.0], [83752.5, 1350.0], [83755.0, 4500.0], [83760.0, 600.0], [83762.5, 2000.0], [83775.0, 1350.0], [83777.5, 4500.0], [83780.0, 7290.0]]}}}
{"jsonrpc": "2.0", "method": "subscription", "params": {"channel": "book.BTC-7MAR25.none.20.100ms", "data": {"timestamp": 1741083948255, "change_id": 90844354243, "instrument_name": "BTC-7MAR25", "bids": [[83622.5, 2520.0], [83620.0, 11830.0], [83617.5, 9100.0], [83615.0, 4130.0], [83612.5, 2600.0], [83610.0, 5130.0], [83607.5, 9100.0], [83605.0, 1560.0], [83602.5, 2600.0], [83600.0, 8800.0], [83597.5, 13230.0], [83595.0, 21050.0], [83592.5, 15160.0], [83590.0, 120.0], [83587.5, 1850.0], [83585.0, 6500.0], [83575.0, 4450.0], [83572.5, 52060.0], [83562.5, 6500.0], [83560.0, 16330.0]], "asks": [[83627.5, 120.0], [83630.0, 2500.0], [83640.0, 15000.0], [83645.0, 65990.0], [83647.5, 54290.0], [83650.0, 9000.0], [83652.5, 600.0], [83655.0, 2000.0], [83657.5, 1950.0], [83660.0, 6500.0], [83667.5, 40.0], [83687.5, 6500.0], [83690.0, 15760.0], [83695.0, 19900.0], [83697.5, 66320.0], [83720.0, 1950.0], [83722.5, 6500.0], [83735.0, 1990.0], [83737.5, 6500.0], [83745.0, 1960.0]]}}}
{"jsonrpc": "2.0", "method": "subscription", "params": {"channel": "book.BTC-14MAR25.none.20.100ms", "data": {"timestamp": 1741083948110, "change_id": 90844353827, "instrument_name": "BTC-14MAR25", "bids": [[83687.5, 3000.0], [83685.0, 16150.0], [83682.5, 20000.0], [83680.0, 2300.0], [83677.5, 1700.0], [83675.0, 5010.0], [83672.5, 1820.0], [83670.0, 12280.0], [83667.5, 39610.0], [83665.0, 4500.0], [83655.0, 4500.0], [83647.5, 1350.0], [83645.0, 13920.0], [83642.5, 7510.0], [83640.0, 23880.0], [83635.0, 1350.0], [83632.5, 4500.0], [83630.0, 790.0], [83627.5, 2630.0], [83622.5, 14810.0]], "asks": [[83695.0, 2630.0], [83707.5, 790.0], [83710.0, 2630.0], [83712.5, 6000.0], [83715.0, 38120.0], [83720.0, 51350.0], [83722.5, 4500.0], [83732.5, 10000.0], [83735.0, 4520.0], [83742.5, 1350.0], [83745.0, 4500.0], [83752.5, 1350.0], [83755.0, 4500.0], [83760.0, 600.0], [83762.5, 2000.0], [83775.0, 1350.0], [83777.5, 4500.0], [83780.0, 7290.0], [83782.5, 24310.0], [83785.0, 5840.0]]}}}
{"jsonrpc": "2.0", "method": "subscription", "params": {"channel": "book.BTC-7MAR25.none.20.100ms", "data": {"timestamp": 1741083948472, "change_id": 90844354639, "instrument_name": "BTC-7MAR25", "bids": [[83622.5, 840.0], [83620.0, 5330.0], [83617.5, 9100.0], [83615.0, 4130.0], [83612.5, 2600.0], [83610.0, 5130.0], [83607.5, 9100.0], [83605.0, 1560.0], [83602.5, 2600.0], [83600.0, 8800.0], [83595.0, 21050.0], [83592.5, 15160.0], [83590.0, 120.0], [83587.5, 1850.0], [83585.0, 6500.0], [83575.0, 4450.0], [83572.5, 52060.0], [83562.5, 6500.0], [83560.0, 16330.0], [83537.5, 6500.0]], "asks": [[83627.5, 120.0], [83630.0, 2500.0], [83640.0, 15000.0], [83645.0, 65990.0], [83647.5, 54290.0], [83650.0, 9000.0], [83652.5, 600.0], [83655.0, 2000.0], [83657.5, 1950.0], [83660.0, 6500.0], [83667.5, 40.0], [83687.5, 6500.0], [83690.0, 15760.0], [83695.0, 19900.0], [83697.5, 66320.0], [83720.0, 1950.0], [83722.5, 6500.0], [83735.0, 1990.0], [83737.5, 6500.0], [83745.0, 1960.0]]}}}
{"jsonrpc": "2.0", "method": "subscription", "params": {"channel": "book.BTC-14MAR25.none.20.100ms", "data": {"timestamp": 1741083948434, "change_id": 90844354522, "instrument_name": "BTC-14MAR25", "bids": [[83687.5, 3000.0], [83685.0, 16150.0], [83682.5, 20000.0], [83680.0, 2300.0], [83677.5, 1700.0], [83675.0, 5010.0], [83672.5, 1820.0], [83670.0, 1970.0], [83667.5, 2630.0], [83665.0, 4500.0], [83657.5, 1350.0], [83655.0, 4500.0], [83647.5, 1350.0], [83645.0, 13920.0], [83642.5, 7510.0], [83640.0, 23880.0], [83635.0, 1350.0], [83632.5, 4500.0], [83630.0, 790.0], [83627.5, 2630.0]], "asks": [[83695.0, 2630.0], [83707.5, 790.0], [83710.0, 2630.0], [83712.5, 6000.0], [83715.0, 38120.0], [83720.0, 51350.0], [83722.5, 4500.0], [83730.0, 4360.0], [83732.5, 10000.0], [83735.0, 4520.0], [83742.5, 1350.0], [83745.0, 4500.0], [83752.5, 1350.0], [83755.0, 4500.0], [83760.0, 600.0], [83762.5, 2000.0], [83775.0, 1350.0], [83777.5, 4500.0], [83780.0, 7290.0], [83782.5, 24310.0]]}}}
{"jsonrpc": "2.0", "method": "subscription", "params": {"channel": "book.BTC-7MAR25.none.20.100ms", "data": {"timestamp": 1741083948943, "change_id": 90844355043, "instrument_name": "BTC-7MAR25", "bids": [[83622.5, 840.0], [83620.0, 5330.0], [83617.5, 9100.0], [83615.0, 4130.0], [83612.5, 2600.0], [83610.0, 18210.0], [83607.5, 53450.0], [83605.0, 6110.0], [83602.5, 2600.0], [83600.0, 24620.0], [83597.5, 15160.0], [83595.0, 16500.0], [83590.0, 120.0], [83587.5, 1850.0], [83585.0, 6500.0], [83582.5, 45560.0], [83575.0, 4450.0], [83572.5, 6500.0], [83562.5, 6500.0], [83537.5, 6500.0]], "asks": [[83627.5, 120.0], [83630.0, 2500.0], [83640.0, 15000.0], [83645.0, 65990.0], [83647.5, 54290.0], [83650.0, 9000.0], [83652.5, 600.0], [83655.0, 2000.0], [83657.5, 1950.0], [83660.0, 6500.0], [83667.5, 40.0], [83687.5, 6500.0], [83690.0, 15760.0], [83695.0, 19900.0], [83697.5, 66320.0], [83720.0, 1950.0], [83722.5, 6500.0], [83735.0, 1990.0], [83737.5, 6500.0], [83745.0, 1960.0]]}}}
{"jsonrpc": "2.0", "method": "subscription", "params": {"channel": "book.BTC-14MAR25.none.20.100ms", "data": {"timestamp": 1741083948901, "change_id": 90844355024, "instrument_name": "BTC-14MAR25", "bids": [[83687.5, 3000.0], [83685.0, 16150.0], [83682.5, 20000.0], [83680.0, 15450.0], [83677.5, 46090.0], [83675.0, 5010.0], [83672.5, 1820.0], [83670.0, 1970.0], [83667.5, 2630.0], [83665.0, 4500.0], [83657.5, 1350.0], [83655.0, 4500.0], [83647.5, 1350.0], [83645.0, 13920.0], [83642.5, 7510.0], [83640.0, 23880.0], [83635.0, 1350.0], [83632.5, 4500.0], [83630.0, 790.0], [83627.5, 2630.0]], "asks": [[83695.0, 2630.0], [83707.5, 790.0], [83710.0, 2630.0], [83712.5, 6000.0], [83715.0, 38120.0], [83720.0, 51350.0], [83722.5, 4500.0], [83730.0, 4360.0], [83732.5, 10000.0], [83735.0, 4520.0], [83742.5, 1350.0], [83745.0, 4500.0], [83752.5, 1350.0], [83755.0, 4500.0], [83760.0, 600.0], [83762.5, 2000.0], [83775.0, 1350.0], [83777.5, 4500.0], [83780.0, 7290.0], [83782.5, 24310.0]]}}}
{"jsonrpc": "2.0", "method": "subscription", "params": {"channel": "book.BTC-7MAR25.none.20.100ms", "data": {"timestamp": 1741083949289, "change_id": 90844355627, "instrument_name": "BTC-7MAR25", "bids": [[83622.5, 9940.0], [83620.0, 5330.0], [83617.5, 9100.0], [83615.0, 1530.0], [83612.5, 2600.0], [83610.0, 18210.0], [83607.5, 53450.0], [83605.0, 6110.0], [83600.0, 22140.0], [83597.5, 15160.0], [83595.0, 16500.0], [83587.5, 1850.0], [83585.0, 6500.0], [83582.5, 45560.0], [83575.0, 4450.0], [83572.5, 6500.0], [83562.5, 6500.0], [83537.5, 6500.0], [83532.5, 58610.0], [83527.5, 6500.0]], "asks": [[83627.5, 120.0], [83630.0, 2500.0], [83640.0, 15000.0], [83645.0, 65990.0], [83647.5, 54290.0], [83650.0, 9000.0], [83652.5, 600.0], [83655.0, 2000.0], [83657.5, 1950.0], [83660.0, 6500.0], [83667.5, 40.0], [83687.5, 6500.0], [83690.0, 15760.0], [83695.0, 19900.0], [83697.5, 66320.0], [83720.0, 1950.0], [83722.5, 6500.0], [83735.0, 1990.0], [83737.5, 6500.0], [83745.0, 1960.0]]}}}
{"jsonrpc": "2.0", "method": "subscription", "params": {"channel": "book.BTC-14MAR25.none.20.100ms", "data": {"timestamp": 1741083949060, "change_id": 90844355235, "instrument_name": "BTC-14MAR25", "bids": [[83687.5, 3000.0], [83685.0, 16150.0], [83682.5, 20120.0], [83680.0, 15450.0], [83677.5, 46090.0], [83675.0, 5010.0], [83670.0, 1970.0], [83667.5, 2630.0], [83665.0, 4500.0], [83657.5, 1350.0], [83655.0, 4500.0], [83650.0, 7510.0], [83647.5, 1350.0], [83645.0, 13920.0], [83640.0, 23880.0], [83635.0, 1350.0], [83632.5, 4500.0], [83630.0, 15600.0], [83627.5, 2630.0], [83620.0, 1350.0]], "asks": [[83695.0, 2630.0], [83707.5, 790.0], [83710.0, 2630.0], [83712.5, 6000.0], [83715.0, 38120.0], [83720.0, 51350.0], [83722.5, 4500.0], [83730.0, 4360.0], [83732.5, 10000.0], [83735.0, 4520.0], [83742.5, 1350.0], [83745.0, 4500.0], [83752.5, 1350.0], [83755.0, 4500.0], [83760.0, 600.0], [83762.5, 2000.0], [83775.0, 1350.0], [83777.5, 4500.0], [83780.0, 7290.0], [83782.5, 24310.0]]}}}
{"jsonrpc": "2.0", "method": "subscription", "params": {"channel": "book.BTC-14MAR25.none.20.100ms", "data": {"timestamp": 1741083949527, "change_id": 90844356564, "instrument_name": "BTC-14MAR25", "bids": [[83687.5, 3000.0], [83685.0, 22490.0], [83682.5, 20120.0], [83680.0, 39010.0], [83677.5, 46090.0], [83675.0, 7640.0], [83667.5, 1350.0], [83665.0, 4500.0], [83657.5, 1350.0], [83655.0, 7130.0], [83647.5, 8860.0], [83645.0, 4500.0], [83635.0, 16160.0], [83632.5, 4500.0], [83620.0, 1350.0], [83617.5, 4500.0], [83610.0, 3550.0], [83607.5, 11820.0], [83600.0, 20.0], [83542.5, 1350.0]], "asks": [[83695.0, 2630.0], [83712.5, 6000.0], [83715.0, 38000.0], [83720.0, 51350.0], [83722.5, 4500.0], [83727.5, 120.0], [83730.0, 4360.0], [83732.5, 10000.0], [83735.0, 5310.0], [83737.5, 2630.0], [83742.5, 1350.0], [83745.0, 4500.0], [83752.5, 1350.0], [83755.0, 4500.0], [83775.0, 1350.0], [83777.5, 4500.0], [83782.5, 600.0], [83785.0, 7840.0], [83787.5, 19470.0], [83797.5, 1360.0]]}}}
{"jsonrpc": "2.0", "method": "subscription", "params": {"channel": "book.BTC-7MAR25.none.20.100ms", "data": {"timestamp": 1741083949562, "change_id": 90844356619, "instrument_name": "BTC-7MAR25", "bids": [[83630.0, 2600.0], [83627.5, 2600.0], [83625.0, 780.0], [83622.5, 2600.0], [83620.0, 780.0], [83617.5, 2600.0], [83615.0, 1530.0], [83612.5, 2600.0], [83610.0, 18210.0], [83607.5, 50850.0], [83605.0, 8570.0], [83600.0, 38550.0], [83595.0, 16500.0], [83587.5, 1850.0], [83585.0, 20170.0], [83582.5, 45560.0], [83575.0, 1950.0], [83572.5, 6500.0], [83565.0, 1950.0], [83562.5, 6500.0]], "asks": [[83635.0, 2600.0], [83637.5, 5100.0], [83642.5, 15120.0], [83645.0, 65990.0], [83647.5, 54290.0], [83650.0, 2500.0], [83652.5, 600.0], [83655.0, 2000.0], [83657.5, 1950.0], [83660.0, 6500.0], [83667.5, 40.0], [83685.0, 1950.0], [83687.5, 6500.0], [83695.0, 19900.0], [83697.5, 66320.0], [83715.0, 4750.0], [83717.5, 15830.0], [83720.0, 1950.0], [83722.5, 6500.0], [83735.0, 1990.0]]}}}
{"jsonrpc": "2.0", "method": "subscription", "params": {"channel": "book.BTC-7MAR25.none.20.100ms", "data": {"timestamp": 1741083949688, "change_id": 90844356695, "instrument_name": "BTC-7MAR25", "bids": [[83627.5, 2600.0], [83625.0, 780.0], [83622.5, 2600.0], [83620.0, 780.0], [83617.5, 2600.0], [83615.0, 1530.0], [83612.5, 2600.0], [83610.0, 18210.0], [83607.5, 50850.0], [83605.0, 8570.0], [83600.0, 38550.0], [83595.0, 16500.0], [83587.5, 1850.0], [83585.0, 20170.0], [83582.5, 45560.0], [83575.0, 1950.0], [83572.5, 6500.0], [83565.0, 1950.0], [83562.5, 6500.0], [83540.0, 1950.0]], "asks": [[83635.0, 2600.0], [83637.5, 5100.0], [83642.5, 15120.0], [83645.0, 65990.0], [83647.5, 54290.0], [83650.0, 2500.0], [83652.5, 600.0], [83655.0, 2000.0], [83657.5, 1950.0], [83660.0, 6500.0], [83667.5, 40.0], [83685.0, 1950.0], [83687.5, 6500.0], [83695.0, 19900.0], [83697.5, 66320.0], [83715.0, 4750.0], [83717.5, 15830.0], [83720.0, 1950.0], [83722.5, 6500.0], [83735.0, 1990.0]]}}}
{"jsonrpc": "2.0", "method": "subscription", "params": {"channel": "book.BTC-14MAR25.none.20.100ms", "data": {"timestamp": 1741083949723, "change_id": 90844356707, "instrument_name": "BTC-14MAR25", "bids": [[83687.5, 7500.0], [83685.0, 22490.0], [83682.5, 20120.0], [83680.0, 39010.0], [83677.5, 46090.0], [83675.0, 7640.0], [83667.5, 1350.0], [83665.0, 4500.0], [83657.5, 1350.0], [83655.0, 7130.0], [83647.5, 8860.0], [83645.0, 4500.0], [83635.0, 16160.0], [83632.5, 4500.0], [83620.0, 1350.0], [83617.5, 4500.0], [83610.0, 3550.0], [83607.5, 11820.0], [83600.0, 20.0], [83542.5, 1350.0]], "asks": [[83695.0, 2630.0], [83712.5, 6000.0], [83715.0, 38000.0], [83720.0, 51350.0], [83722.5, 4500.0], [83727.5, 120.0], [83730.0, 4360.0], [83732.5, 10000.0], [83735.0, 5310.0], [83737.5, 2630.0], [83742.5, 1350.0], [83745.0, 4500.0], [83752.5, 1350.0], [83755.0, 4500.0], [83775.0, 1350.0], [83777.5, 4500.0], [83782.5, 600.0], [83785.0, 7840.0], [83787.5, 19470.0], [83797.5, 1360.0]]}}}
{"jsonrpc": "2.0", "method": "subscription", "params": {"channel": "book.BTC-14MAR25.none.20.100ms", "data": {"timestamp": 1741083950255, "change_id": 90844357345, "instrument_name": "BTC-14MAR25", "bids": [[83687.5, 7500.0], [83685.0, 22490.0], [83682.5, 20120.0], [83680.0, 39010.0], [83677.5, 44390.0], [83675.0, 7640.0], [83667.5, 1350.0], [83665.0, 4500.0], [83657.5, 1350.0], [83655.0, 7130.0], [83647.5, 8860.0], [83645.0, 4500.0], [83635.0, 16160.0], [83632.5, 4500.0], [83620.0, 1350.0], [83617.5, 4500.0], [83610.0, 3550.0], [83607.5, 11820.0], [83600.0, 20.0], [83542.5, 1350.0]], "asks": [[83695.0, 2630.0], [83712.5, 6000.0], [83715.0, 38000.0], [83720.0, 51350.0], [83722.5, 4500.0], [83727.5, 120.0], [83730.0, 4360.0], [83732.5, 10000.0], [83735.0, 5310.0], [83737.5, 2630.0], [83742.5, 1350.0], [83745.0, 4500.0], [83752.5, 1350.0], [83755.0, 4500.0], [83775.0, 1350.0], [83777.5, 4500.0], [83782.5, 600.0], [83785.0, 7840.0], [83787.5, 19470.0], [83797.5, 1360.0]]}}}
{"jsonrpc": "2.0", "method": "subscription", "params": {"channel": "book.BTC-7MAR25.none.20.100ms", "data": {"timestamp": 1741083950148, "change_id": 90844357094, "instrument_name": "BTC-7MAR25", "bids": [[83627.5, 2600.0], [83625.0, 780.0], [83622.5, 2600.0], [83620.0, 780.0], [83617.5, 2600.0], [83615.0, 1530.0], [83612.5, 2600.0], [83610.0, 18210.0], [83607.5, 50850.0], [83605.0, 8570.0], [83600.0, 38550.0], [83595.0, 16500.0], [83587.5, 1850.0], [83585.0, 20170.0], [83582.5, 45560.0], [83575.0, 1950.0], [83572.5, 6500.0], [83565.0, 1950.0], [83562.5, 6500.0], [83540.0, 1950.0]], "asks": [[83635.0, 2600.0], [83637.5, 2500.0], [83640.0, 2600.0], [83642.5, 15120.0], [83645.0, 65990.0], [83647.5, 54290.0], [83650.0, 2500.0], [83652.5, 600.0], [83655.0, 2000.0], [83657.5, 1950.0], [83660.0, 6500.0], [83667.5, 40.0], [83675.0, 4870.0], [83677.5, 16220.0], [83685.0, 1950.0], [83687.5, 6500.0], [83695.0, 19900.0], [83697.5, 66320.0], [83720.0, 1950.0], [83722.5, 6500.0]]}}}
{"jsonrpc": "2.0", "method": "subscription", "params": {"channel": "book.BTC-14MAR25.none.20.100ms", "data": {"timestamp": 1741083950436, "change_id": 90844357590, "instrument_name": "BTC-14MAR25", "bids": [[83687.5, 3000.0], [83685.0, 22490.0], [83682.5, 20120.0], [83680.0, 39010.0], [83677.5, 44390.0], [83675.0, 7640.0], [83667.5, 1350.0], [83665.0, 4500.0], [83657.5, 1350.0], [83655.0, 7130.0], [83650.0, 3600.0], [83647.5, 7510.0], [83645.0, 4500.0], [83635.0, 16160.0], [83632.5, 4500.0], [83620.0, 1350.0], [83617.5, 4500.0], [83610.0, 3550.0], [83607.5, 11820.0], [83600.0, 20.0]], "asks": [[83695.0, 2630.0], [83712.5, 6000.0], [83715.0, 38000.0], [83720.0, 51350.0], [83722.5, 4500.0], [83727.5, 120.0], [83730.0, 4360.0], [83732.5, 10000.0], [83735.0, 5310.0], [83737.5, 2630.0], [83742.5, 1350.0], [83745.0, 4500.0], [83752.5, 1350.0], [83755.0, 4500.0], [83775.0, 1350.0], [83777.5, 4500.0], [83782.5, 600.0], [83785.0, 7840.0], [83787.5, 19470.0], [83797.5, 1360.0]]}}}
{"jsonrpc": "2.0", "method": "subscription", "params": {"channel": "book.BTC-7MAR25.none.20.100ms", "data": {"timestamp": 1741083951138, "change_id": 90844358268, "instrument_name": "BTC-7MAR25", "bids": [[83627.5, 2600.0], [83625.0, 780.0], [83622.5, 2600.0], [83620.0, 780.0], [83617.5, 2600.0], [83615.0, 2120.0], [83612.5, 2600.0], [83610.0, 20810.0], [83607.5, 50850.0], [83605.0, 8570.0], [83600.0, 38550.0], [83595.0, 16500.0], [83587.5, 1850.0], [83585.0, 20170.0], [83582.5, 45560.0], [83575.0, 1950.0], [83572.5, 6500.0], [83565.0, 1950.0], [83562.5, 6500.0], [83540.0, 1950.0]], "asks": [[83635.0, 2600.0], [83637.5, 2500.0], [83640.0, 2600.0], [83642.5, 17720.0], [83645.0, 65990.0], [83647.5, 54290.0], [83650.0, 2500.0], [83652.5, 600.0], [83655.0, 2000.0], [83657.5, 1950.0], [83660.0, 6500.0], [83667.5, 40.0], [83675.0, 4870.0], [83677.5, 16220.0], [83685.0, 1950.0], [83687.5, 6500.0], [83695.0, 19900.0], [83697.5, 66320.0], [83720.0, 1950.0], [83722.5, 6500.0]]}}}
{"jsonrpc": "2.0", "method": "subscription", "params": {"channel": "book.BTC-7MAR25.none.20.100ms", "data": {"timestamp": 1741083951288, "change_id": 90844358509, "instrument_name": "BTC-7MAR25", "bids": [[83627.5, 2600.0], [83625.0, 780.0], [83622.5, 2600.0], [83620.0, 780.0], [83617.5, 2600.0], [83615.0, 2120.0], [83612.5, 2600.0], [83610.0, 20810.0], [83607.5, 50850.0], [83605.0, 8570.0], [83600.0, 38550.0], [83595.0, 16500.0], [83587.5, 1850.0], [83585.0, 20170.0], [83582.5, 45560.0], [83575.0, 1950.0], [83572.5, 6500.0], [83565.0, 1950.0], [83562.5, 6500.0], [83540.0, 1950.0]], "asks": [[83635.0, 2600.0], [83637.5, 2500.0], [83640.0, 2600.0], [83642.5, 15120.0], [83645.0, 65990.0], [83647.5, 54290.0], [83650.0, 2500.0], [83652.5, 600.0], [83655.0, 2000.0], [83657.5, 1950.0], [83660.0, 6500.0], [83667.5, 40.0], [83675.0, 4870.0], [83677.5, 16220.0], [83685.0, 1950.0], [83687.5, 6500.0], [83695.0, 19900.0], [83697.5, 66320.0], [83720.0, 1950.0], [83722.5, 6500.0]]}}}
{"jsonrpc": "2.0", "method": "subscription", "params": {"channel": "book.BTC-14MAR25.none.20.100ms", "data": {"timestamp": 1741083951455, "change_id": 90844358760, "instrument_name": "BTC-14MAR25", "bids": [[83687.5, 3000.0], [83685.0, 22490.0], [83682.5, 20120.0], [83680.0, 39010.0], [83677.5, 44390.0], [83675.0, 7640.0], [83667.5, 1350.0], [83665.0, 4500.0], [83657.5, 1970.0], [83655.0, 7130.0], [83650.0, 3600.0], [83647.5, 7510.0], [83645.0, 4500.0], [83635.0, 16160.0], [83632.5, 4500.0], [83620.0, 1350.0], [83617.5, 4500.0], [83610.0, 3550.0], [83607.5, 11820.0], [83600.0, 20.0]], "asks": [[83695.0, 2630.0], [83712.5, 6000.0], [83715.0, 38000.0], [83720.0, 51350.0], [83722.5, 4500.0], [83727.5, 120.0], [83730.0, 4360.0], [83732.5, 10000.0], [83735.0, 5310.0], [83737.5, 2630.0], [83742.5, 1350.0], [83745.0, 4500.0], [83752.5, 1350.0], [83755.0, 4500.0], [83775.0, 1350.0], [83777.5, 4500.0], [83782.5, 600.0], [83785.0, 7840.0], [83787.5, 19470.0], [83797.5, 1360.0]]}}}
{"jsonrpc": "2.0", "method": "subscription", "params": {"channel": "book.BTC-14MAR25.none.20.100ms", "data": {"timestamp": 1741083951929, "change_id": 90844359202, "instrument_name": "BTC-14MAR25", "bids": [[83687.5, 3000.0], [83685.0, 22490.0], [83682.5, 20120.0], [83680.0, 39010.0], [83677.5, 44390.0], [83675.0, 7640.0], [83667.5, 1350.0], [83665.0, 4500.0], [83657.5, 1970.0], [83655.0, 7130.0], [83650.0, 3600.0], [83647.5, 7510.0], [83645.0, 4500.0], [83635.0, 16160.0], [83632.5, 4500.0], [83620.0, 1350.0], [83617.5, 4500.0], [83610.0, 3550.0], [83607.5, 11820.0], [83600.0, 20.0]], "asks": [[83695.0, 2630.0], [83712.5, 6000.0], [83715.0, 38000.0], [83720.0, 51350.0], [83722.5, 4500.0], [83727.5, 120.0], [83730.0, 4360.0], [83732.5, 10000.0], [83735.0, 5310.0], [83737.5, 2630.0], [83742.5, 1350.0], [83745.0, 4500.0], [83752.5, 1350.0], [83755.0, 4500.0], [83775.0, 1350.0], [83777.5, 4500.0], [83782.5, 600.0], [83785.0, 7840.0], [83787.5, 19470.0], [83797.5, 1360.0]]}}}
{"jsonrpc": "2.0", "method": "subscription", "params": {"channel": "book.BTC-7MAR25.none.20.100ms", "data": {"timestamp": 1741083951938, "change_id": 90844359235, "instrument_name": "BTC-7MAR25", "bids": [[83630.0, 5160.0], [83627.5, 9100.0], [83625.0, 780.0], [83622.5, 2600.0], [83620.0, 2630.0], [83617.5, 9100.0], [83615.0, 2120.0], [83612.5, 2600.0], [83610.0, 20810.0], [83607.5, 50850.0], [83605.0, 8570.0], [83600.0, 38550.0], [83595.0, 16500.0], [83587.5, 1850.0], [83585.0, 20170.0], [83582.5, 45560.0], [83575.0, 1950.0], [83572.5, 6500.0], [83565.0, 1950.0], [83562.5, 6500.0]], "asks": [[83635.0, 2600.0], [83637.5, 2500.0], [83640.0, 2600.0], [83642.5, 15120.0], [83645.0, 65990.0], [83647.5, 54290.0], [83650.0, 2500.0], [83652.5, 600.0], [83655.0, 2000.0], [83657.5, 1950.0], [83660.0, 6500.0], [83667.5, 40.0], [83685.0, 1950.0], [83687.5, 6500.0], [83692.5, 4910.0], [83695.0, 36250.0], [83697.5, 66320.0], [83720.0, 1950.0], [83722.5, 6500.0], [83735.0, 1990.0]]}}}
{"jsonrpc": "2.0", "method": "subscription", "params": {"channel": "book.BTC-7MAR25.none.20.100ms", "data": {"timestamp": 1741083952254, "change_id": 90844359793, "instrument_name": "BTC-7MAR25", "bids": [[83625.0, 780.0], [83622.5, 2600.0], [83620.0, 780.0], [83617.5, 2600.0], [83615.0, 2120.0], [83612.5, 2600.0], [83610.0, 20810.0], [83607.5, 50850.0], [83605.0, 18570.0], [83600.0, 35550.0], [83595.0, 6500.0], [83587.5, 1850.0], [83585.0, 20170.0], [83582.5, 45560.0], [83575.0, 1950.0], [83572.5, 6500.0], [83565.0, 1950.0], [83562.5, 6500.0], [83540.0, 1950.0], [83537.5, 6500.0]], "asks": [[83635.0, 2600.0], [83637.5, 2500.0], [83640.0, 2600.0], [83642.5, 120.0], [83645.0, 15990.0], [83647.5, 54290.0], [83650.0, 2500.0], [83652.5, 600.0], [83655.0, 2000.0], [83657.5, 1950.0], [83660.0, 6500.0], [83667.5, 40.0], [83685.0, 1950.0], [83687.5, 6500.0], [83692.5, 19290.0], [83695.0, 86250.0], [83697.5, 66320.0], [83720.0, 1950.0], [83722.5, 6500.0], [83735.0, 1990.0]]}}}
{"jsonrpc": "2.0", "method": "subscription", "params": {"channel": "book.BTC-14MAR25.none.20.100ms", "data": {"timestamp": 1741083952162, "change_id": 90844359543, "instrument_name": "BTC-14MAR25", "bids": [[83687.5, 3000.0], [83685.0, 22490.0], [83682.5, 20120.0], [83680.0, 39010.0], [83677.5, 44390.0], [83675.0, 7640.0], [83667.5, 1350.0], [83665.0, 4500.0], [83657.5, 1970.0], [83655.0, 7130.0], [83650.0, 3600.0], [83647.5, 7510.0], [83645.0, 4500.0], [83635.0, 16160.0], [83632.5, 4500.0], [83620.0, 1350.0], [83617.5, 4500.0], [83610.0, 3550.0], [83607.5, 11820.0], [83600.0, 20.0]], "asks": [[83695.0, 2630.0], [83717.5, 6000.0], [83720.0, 21350.0], [83722.5, 4500.0], [83727.5, 120.0], [83730.0, 4360.0], [83732.5, 10000.0], [83735.0, 5310.0], [83737.5, 2630.0], [83742.5, 1350.0], [83745.0, 4500.0], [83752.5, 1350.0], [83755.0, 4500.0], [83760.0, 15000.0], [83762.5, 50000.0], [83775.0, 1350.0], [83777.5, 4500.0], [83782.5, 600.0], [83785.0, 7840.0], [83787.5, 19470.0]]}}}
{"jsonrpc": "2.0", "method": "subscription", "params": {"channel": "book.BTC-7MAR25.none.20.100ms", "data": {"timestamp": 1741083952592, "change_id": 90844360672, "instrument_name": "BTC-7MAR25", "bids": [[83622.5, 2600.0], [83617.5, 2600.0], [83615.0, 6110.0], [83612.5, 2600.0], [83610.0, 34120.0], [83607.5, 46850.0], [83605.0, 15330.0], [83600.0, 17230.0], [83595.0, 6500.0], [83587.5, 1850.0], [83585.0, 20170.0], [83582.5, 45560.0], [83575.0, 4450.0], [83572.5, 6500.0], [83565.0, 1950.0], [83562.5, 6500.0], [83540.0, 1950.0], [83537.5, 6500.0], [83535.0, 17580.0], [83532.5, 58610.0]], "asks": [[83627.5, 4910.0], [83630.0, 5100.0], [83632.5, 2600.0], [83635.0, 780.0], [83640.0, 2600.0], [83642.5, 15120.0], [83645.0, 65990.0], [83647.5, 54290.0], [83650.0, 9000.0], [83652.5, 600.0], [83655.0, 2000.0], [83657.5, 1950.0], [83660.0, 6500.0], [83667.5, 40.0], [83685.0, 1950.0], [83687.5, 6500.0], [83692.5, 4910.0], [83695.0, 36250.0], [83697.5, 66320.0], [83720.0, 1950.0]]}}}
{"jsonrpc": "2.0", "method": "subscription", "params": {"channel": "book.BTC-14MAR25.none.20.100ms", "data": {"timestamp": 1741083952583, "change_id": 90844360661, "instrument_name": "BTC-14MAR25", "bids": [[83687.5, 3000.0], [83685.0, 16150.0], [83682.5, 20120.0], [83680.0, 15450.0], [83677.5, 44390.0], [83675.0, 5010.0], [83670.0, 2140.0], [83667.5, 2630.0], [83665.0, 4500.0], [83657.5, 9200.0], [83655.0, 28870.0], [83650.0, 3600.0], [83647.5, 7510.0], [83645.0, 4500.0], [83635.0, 16160.0], [83632.5, 4500.0], [83630.0, 790.0], [83627.5, 2630.0], [83620.0, 1350.0], [83617.5, 4500.0]], "asks": [[83695.0, 2630.0], [83702.5, 1350.0], [83705.0, 4500.0], [83707.5, 790.0], [83710.0, 2630.0], [83717.5, 6120.0], [83720.0, 21350.0], [83722.5, 4500.0], [83730.0, 54360.0], [83732.5, 10000.0], [83735.0, 4520.0], [83742.5, 1350.0], [83745.0, 4500.0], [83752.5, 1350.0], [83755.0, 4500.0], [83765.0, 2000.0], [83775.0, 1350.0], [83777.5, 4500.0], [83785.0, 5840.0], [83787.5, 19470.0]]}}}
{"jsonrpc": "2.0", "method": "subscription", "params": {"channel": "book.BTC-14MAR25.none.20.100ms", "data": {"timestamp": 1741083952836, "change_id": 90844360797, "instrument_name": "BTC-14MAR25", "bids": [[83687.5, 3000.0], [83685.0, 16150.0], [83682.5, 20120.0], [83680.0, 15450.0], [83677.5, 44390.0], [83675.0, 5010.0], [83670.0, 2140.0], [83667.5, 2630.0], [83665.0, 4500.0], [83657.5, 9200.0], [83655.0, 28870.0], [83650.0, 3600.0], [83647.5, 7510.0], [83645.0, 4500.0], [83635.0, 16160.0], [83632.5, 4500.0], [83630.0, 790.0], [83627.5, 2630.0], [83620.0, 1350.0], [83617.5, 4500.0]], "asks": [[83695.0, 2630.0], [83707.5, 790.0], [83710.0, 2630.0], [83717.5, 6120.0], [83720.0, 21350.0], [83722.5, 4500.0], [83730.0, 54360.0], [83732.5, 10000.0], [83735.0, 4520.0], [83742.5, 1350.0], [83745.0, 4500.0], [83752.5, 1350.0], [83755.0, 4500.0], [83765.0, 26630.0], [83775.0, 1350.0], [83777.5, 4500.0], [83785.0, 5840.0], [83787.5, 19470.0], [83797.5, 1360.0], [83800.0, 4520.0]]}}}
{"jsonrpc": "2.0", "method": "subscription", "params": {"channel": "book.BTC-7MAR25.none.20.100ms", "data": {"timestamp": 1741083952774, "change_id": 90844360784, "instrument_name": "BTC-7MAR25", "bids": [[83622.5, 2600.0], [83617.5, 2600.0], [83615.0, 6110.0], [83612.5, 2600.0], [83610.0, 34120.0], [83607.5, 46850.0], [83605.0, 15330.0], [83600.0, 17230.0], [83595.0, 6500.0], [83587.5, 1850.0], [83585.0, 20170.0], [83582.5, 45560.0], [83575.0, 4450.0], [83572.5, 6500.0], [83565.0, 1950.0], [83562.5, 6500.0], [83540.0, 1950.0], [83537.5, 6500.0], [83535.0, 17580.0], [83532.5, 58610.0]], "asks": [[83627.5, 3390.0], [83630.0, 2500.0], [83632.5, 120.0], [83635.0, 780.0], [83640.0, 2600.0], [83642.5, 15000.0], [83645.0, 65990.0], [83647.5, 54290.0], [83650.0, 9000.0], [83652.5, 600.0], [83655.0, 2000.0], [83657.5, 1950.0], [83660.0, 6500.0], [83667.5, 40.0], [83685.0, 1950.0], [83687.5, 6500.0], [83692.5, 4910.0], [83695.0, 36250.0], [83697.5, 66320.0], [83720.0, 1950.0]]}}}
{"jsonrpc": "2.0", "method": "subscription", "params": {"channel": "book.BTC-7MAR25.none.20.100ms", "data": {"timestamp": 1741083953121, "change_id": 90844361142, "instrument_name": "BTC-7MAR25", "bids": [[83625.0, 2600.0], [83622.5, 2600.0], [83620.0, 780.0], [83617.5, 2600.0], [83615.0, 6110.0], [83612.5, 2600.0], [83610.0, 34120.0], [83607.5, 46850.0], [83605.0, 21830.0], [83600.0, 17230.0], [83595.0, 6500.0], [83587.5, 1850.0], [83585.0, 20170.0], [83582.5, 45560.0], [83575.0, 4450.0], [83572.5, 6500.0], [83565.0, 1950.0], [83562.5, 6500.0], [83540.0, 1950.0], [83537.5, 6500.0]], "asks": [[83630.0, 5100.0], [83632.5, 120.0], [83635.0, 780.0], [83640.0, 2600.0], [83642.5, 15000.0], [83645.0, 65990.0], [83647.5, 54290.0], [83650.0, 9000.0], [83652.5, 600.0], [83655.0, 2000.0], [83657.5, 1950.0], [83660.0, 6500.0], [83667.5, 40.0], [83685.0, 1950.0], [83687.5, 6500.0], [83692.5, 4910.0], [83695.0, 36250.0], [83697.5, 66320.0], [83720.0, 1950.0], [83722.5, 6500.0]]}}}
{"jsonrpc": "2.0", "method": "subscription", "params": {"channel": "book.BTC-7MAR25.none.20.100ms", "data": {"timestamp": 1741083953466, "change_id": 90844361658, "instrument_name": "BTC-7MAR25", "bids": [[83625.0, 2600.0], [83622.5, 2600.0], [83620.0, 780.0], [83617.5, 2600.0], [83615.0, 6110.0], [83612.5, 2600.0], [83610.0, 34120.0], [83607.5, 46850.0], [83605.0, 21830.0], [83600.0, 17230.0], [83595.0, 6500.0], [83587.5, 1850.0], [83585.0, 20170.0], [83582.5, 45560.0], [83575.0, 4450.0], [83572.5, 6500.0], [83565.0, 1950.0], [83562.5, 6500.0], [83540.0, 1950.0], [83537.5, 6500.0]], "asks": [[83630.0, 2500.0], [83632.5, 120.0], [83635.0, 780.0], [83640.0, 2600.0], [83642.5, 15000.0], [83645.0, 65990.0], [83647.5, 54290.0], [83650.0, 9000.0], [83652.5, 600.0], [83655.0, 2000.0], [83657.5, 1950.0], [83660.0, 6500.0], [83667.5, 40.0], [83685.0, 1950.0], [83687.5, 6500.0], [83692.5, 4910.0], [83695.0, 36250.0], [83697.5, 66320.0], [83720.0, 1950.0], [83722.5, 6500.0]]}}}
{"jsonrpc": "2.0", "method": "subscription", "params": {"channel": "book.BTC-14MAR25.none.20.100ms", "data": {"timestamp": 1741083953802, "change_id": 90844362106, "instrument_name": "BTC-14MAR25", "bids": [[83687.5, 3000.0], [83685.0, 16150.0], [83682.5, 20120.0], [83680.0, 15450.0], [83677.5, 44390.0], [83675.0, 5010.0], [83670.0, 2140.0], [83667.5, 2630.0], [83665.0, 4500.0], [83657.5, 9200.0], [83655.0, 28870.0], [83650.0, 3600.0], [83647.5, 7510.0], [83645.0, 4500.0], [83637.5, 4440.0], [83635.0, 16160.0], [83632.5, 4500.0], [83630.0, 790.0], [83627.5, 2630.0], [83620.0, 1350.0]], "asks": [[83695.0, 2630.0], [83707.5, 790.0], [83710.0, 2630.0], [83717.5, 6120.0], [83720.0, 21350.0], [83722.5, 4500.0], [83727.5, 15000.0], [83730.0, 54360.0], [83732.5, 10000.0], [83735.0, 4520.0], [83742.5, 1350.0], [83745.0, 4500.0], [83752.5, 1350.0], [83755.0, 4500.0], [83765.0, 26630.0], [83775.0, 1350.0], [83777.5, 4500.0], [83785.0, 5840.0], [83787.5, 19470.0], [83797.5, 1360.0]]}}}
{"jsonrpc": "2.0", "method": "subscription", "params": {"channel": "book.BTC-7MAR25.none.20.100ms", "data": {"timestamp": 1741083953887, "change_id": 90844362206, "instrument_name": "BTC-7MAR25", "bids": [[83622.5, 4550.0], [83620.0, 7280.0], [83617.5, 2600.0], [83615.0, 6110.0], [83612.5, 2600.0], [83610.0, 31520.0], [83607.5, 46850.0], [83605.0, 21830.0], [83600.0, 17230.0], [83595.0, 6500.0], [83587.5, 1850.0], [83585.0, 20170.0], [83582.5, 45560.0], [83575.0, 4450.0], [83572.5, 6500.0], [83565.0, 1950.0], [83562.5, 6500.0], [83540.0, 1950.0], [83537.5, 6500.0], [83535.0, 17580.0]], "asks": [[83632.5, 120.0], [83635.0, 2500.0], [83637.5, 780.0], [83640.0, 2600.0], [83642.5, 15000.0], [83645.0, 65990.0], [83647.5, 54290.0], [83650.0, 2500.0], [83652.5, 600.0], [83655.0, 2000.0], [83657.5, 1950.0], [83660.0, 6500.0], [83667.5, 40.0], [83685.0, 1950.0], [83687.5, 6500.0], [83695.0, 36250.0], [83697.5, 66320.0], [83720.0, 1950.0], [83722.5, 6500.0], [83735.0, 1990.0]]}}}
{"jsonrpc": "2.0", "method": "subscription", "params": {"channel": "book.BTC-7MAR25.none.20.100ms", "data": {"timestamp": 1741083954242, "change_id": 90844362766, "instrument_name": "BTC-7MAR25", "bids": [[83615.0, 780.0], [83612.5, 2600.0], [83610.0, 15710.0], [83607.5, 46850.0], [83605.0, 15330.0], [83600.0, 17230.0], [83595.0, 6500.0], [83587.5, 1850.0], [83585.0, 20170.0], [83582.5, 45560.0], [83577.5, 750.0], [83575.0, 4450.0], [83572.5, 22770.0], [83565.0, 1950.0], [83562.5, 6500.0], [83540.0, 1950.0], [83537.5, 6500.0], [83535.0, 17580.0], [83532.5, 58610.0], [83530.0, 1950.0]], "asks": [[83627.5, 3380.0], [83630.0, 6120.0], [83632.5, 9220.0], [83635.0, 2500.0], [83637.5, 2630.0], [83640.0, 9100.0], [83642.5, 15000.0], [83645.0, 65990.0], [83647.5, 54290.0], [83650.0, 9000.0], [83652.5, 600.0], [83655.0, 2000.0], [83657.5, 1950.0], [83660.0, 6500.0], [83667.5, 40.0], [83685.0, 1950.0], [83687.5, 6500.0], [83695.0, 36250.0], [83697.5, 66320.0], [83720.0, 1950.0]]}}}
{"jsonrpc": "2.0", "method": "subscription", "params": {"channel": "book.BTC-14MAR25.none.20.100ms", "data": {"timestamp": 1741083954205, "change_id": 90844362652, "instrument_name": "BTC-14MAR25", "bids": [[83687.5, 3000.0], [83685.0, 16150.0], [83682.5, 20120.0], [83680.0, 15450.0], [83677.5, 44390.0], [83675.0, 5010.0], [83670.0, 2140.0], [83667.5, 2630.0], [83665.0, 4500.0], [83657.5, 9200.0], [83655.0, 28870.0], [83650.0, 3600.0], [83647.5, 7510.0], [83645.0, 4500.0], [83637.5, 4440.0], [83635.0, 16160.0], [83632.5, 4500.0], [83630.0, 790.0], [83627.5, 2630.0], [83620.0, 1350.0]], "asks": [[83695.0, 2630.0], [83702.5, 1350.0], [83705.0, 4500.0], [83707.5, 790.0], [83710.0, 2630.0], [83717.5, 6120.0], [83720.0, 21350.0], [83722.5, 4500.0], [83730.0, 54360.0], [83732.5, 10000.0], [83735.0, 4520.0], [83742.5, 1350.0], [83745.0, 4500.0], [83752.5, 1350.0], [83755.0, 4500.0], [83765.0, 26630.0], [83775.0, 1350.0], [83777.5, 4500.0], [83785.0, 5840.0], [83787.5, 19470.0]]}}}
{"jsonrpc": "2.0", "method": "subscription", "params": {"channel": "book.BTC-7MAR25.none.20.100ms", "data": {"timestamp": 1741083954513, "change_id": 90844363329, "instrument_name": "BTC-7MAR25", "bids": [[83620.0, 3380.0], [83617.5, 2600.0], [83615.0, 780.0], [83612.5, 2600.0], [83610.0, 3750.0], [83607.5, 2500.0], [83605.0, 15330.0], [83600.0, 17230.0], [83595.0, 6500.0], [83587.5, 1850.0], [83585.0, 20170.0], [83582.5, 45560.0], [83577.5, 750.0], [83575.0, 4450.0], [83572.5, 22770.0], [83565.0, 1950.0], [83562.5, 6500.0], [83540.0, 1950.0], [83537.5, 6500.0], [83535.0, 17580.0]], "asks": [[83627.5, 2600.0], [83630.0, 4170.0], [83632.5, 2720.0], [83635.0, 2500.0], [83637.5, 780.0], [83640.0, 2600.0], [83642.5, 15000.0], [83645.0, 65990.0], [83647.5, 54290.0], [83650.0, 9000.0], [83652.5, 600.0], [83655.0, 2000.0], [83657.5, 1950.0], [83660.0, 6500.0], [83667.5, 40.0], [83685.0, 1950.0], [83687.5, 6500.0], [83695.0, 36250.0], [83697.5, 66320.0], [83720.0, 1950.0]]}}}
{"jsonrpc": "2.0", "method": "subscription", "params": {"channel": "book.BTC-14MAR25.none.20.100ms", "data": {"timestamp": 1741083954264, "change_id": 90844362789, "instrument_name": "BTC-14MAR25", "bids": [[83687.5, 3000.0], [83685.0, 16150.0], [83682.5, 20120.0], [83680.0, 1850.0], [83675.0, 5010.0], [83670.0, 2140.0], [83667.5, 2630.0], [83665.0, 4500.0], [83657.5, 9200.0], [83655.0, 28870.0], [83650.0, 3600.0], [83647.5, 7510.0], [83645.0, 4500.0], [83637.5, 4440.0], [83635.0, 16160.0], [83632.5, 4500.0], [83630.0, 790.0], [83627.5, 2630.0], [83620.0, 1350.0], [83617.5, 4500.0]], "asks": [[83695.0, 2630.0], [83702.5, 1350.0], [83705.0, 4500.0], [83707.5, 790.0], [83710.0, 2630.0], [83717.5, 6120.0], [83720.0, 21350.0], [83722.5, 4500.0], [83730.0, 54360.0], [83732.5, 10000.0], [83735.0, 4520.0], [83742.5, 1350.0], [83745.0, 4500.0], [83752.5, 1350.0], [83755.0, 4500.0], [83765.0, 26630.0], [83775.0, 1350.0], [83777.5, 4500.0], [83785.0, 5840.0], [83787.5, 19470.0]]}}}
{"jsonrpc": "2.0", "method": "subscription", "params": {"channel": "book.BTC-7MAR25.none.20.100ms", "data": {"timestamp": 1741083954834, "change_id": 90844363484, "instrument_name": "BTC-7MAR25", "bids": [[83622.5, 3380.0], [83620.0, 3380.0], [83617.5, 2600.0], [83615.0, 3150.0], [83612.5, 2600.0], [83610.0, 11970.0], [83607.5, 2500.0], [83605.0, 15330.0], [83600.0, 17230.0], [83595.0, 6500.0], [83587.5, 1850.0], [83585.0, 20170.0], [83582.5, 45560.0], [83577.5, 750.0], [83575.0, 4450.0], [83572.5, 22770.0], [83565.0, 1950.0], [83562.5, 6500.0], [83540.0, 1950.0], [83537.5, 6500.0]], "asks": [[83627.5, 2600.0], [83630.0, 2600.0], [83632.5, 120.0], [83635.0, 2500.0], [83637.5, 780.0], [83640.0, 2600.0], [83642.5, 15000.0], [83645.0, 65990.0], [83647.5, 54290.0], [83650.0, 9000.0], [83652.5, 600.0], [83655.0, 2000.0], [83657.5, 1950.0], [83660.0, 6500.0], [83667.5, 40.0], [83685.0, 1950.0], [83687.5, 6500.0], [83695.0, 36250.0], [83697.5, 66320.0], [83720.0, 1950.0]]}}}
{"jsonrpc": "2.0", "method": "subscription", "params": {"channel": "book.BTC-14MAR25.none.20.100ms", "data": {"timestamp": 1741083954771, "change_id": 90844363450, "instrument_name": "BTC-14MAR25", "bids": [[83687.5, 3000.0], [83685.0, 16150.0], [83682.5, 20120.0], [83680.0, 10070.0], [83675.0, 5010.0], [83670.0, 2140.0], [83667.5, 2630.0], [83665.0, 4500.0], [83657.5, 9200.0], [83655.0, 28870.0], [83650.0, 3600.0], [83647.5, 7510.0], [83645.0, 4500.0], [83637.5, 4440.0], [83635.0, 16160.0], [83632.5, 4500.0], [83630.0, 790.0], [83627.5, 2630.0], [83620.0, 1350.0], [83617.5, 4500.0]], "asks": [[83695.0, 2630.0], [83707.5, 790.0], [83710.0, 2630.0], [83717.5, 6120.0], [83720.0, 21350.0], [83722.5, 4500.0], [83730.0, 54360.0], [83732.5, 10000.0], [83735.0, 4520.0], [83742.5, 1350.0], [83745.0, 4500.0], [83752.5, 1350.0], [83755.0, 4500.0], [83765.0, 26630.0], [83775.0, 1350.0], [83777.5, 4500.0], [83785.0, 5840.0], [83787.5, 19470.0], [83797.5, 1360.0], [83800.0, 4520.0]]}}}
{"jsonrpc": "2.0", "method": "subscription", "params": {"channel": "book.BTC-7MAR25.none.20.100ms", "data": {"timestamp": 1741083955179, "change_id": 90844363956, "instrument_name": "BTC-7MAR25", "bids": [[83620.0, 9830.0], [83617.5, 2600.0], [83615.0, 3150.0], [83612.5, 2600.0], [83610.0, 11970.0], [83607.5, 5100.0], [83605.0, 15330.0], [83600.0, 17230.0], [83595.0, 6500.0], [83587.5, 1850.0], [83585.0, 20170.0], [83582.5, 45560.0], [83577.5, 750.0], [83575.0, 9090.0], [83572.5, 22770.0], [83565.0, 1950.0], [83562.5, 6500.0], [83540.0, 1950.0], [83537.5, 6500.0], [83535.0, 17580.0]], "asks": [[83627.5, 5100.0], [83630.0, 3420.0], [83632.5, 2720.0], [83642.5, 15000.0], [83645.0, 65990.0], [83647.5, 54290.0], [83650.0, 9000.0], [83652.5, 600.0], [83655.0, 2000.0], [83657.5, 1950.0], [83660.0, 6500.0], [83667.5, 40.0], [83685.0, 1950.0], [83687.5, 6500.0], [83692.5, 4910.0], [83695.0, 36250.0], [83697.5, 66320.0], [83720.0, 1950.0], [83722.5, 6500.0], [83735.0, 1990.0]]}}}
{"jsonrpc": "2.0", "method": "subscription", "params": {"channel": "book.BTC-14MAR25.none.20.100ms", "data": {"timestamp": 1741083955146, "change_id": 90844363916, "instrument_name": "BTC-14MAR25", "bids": [[83687.5, 3000.0], [83685.0, 12650.0], [83682.5, 120.0], [83680.0, 10070.0], [83675.0, 5010.0], [83670.0, 2140.0], [83667.5, 2630.0], [83665.0, 4500.0], [83657.5, 9200.0], [83655.0, 28870.0], [83652.5, 7510.0], [83650.0, 1350.0], [83645.0, 4500.0], [83635.0, 1350.0], [83632.5, 19310.0], [83630.0, 790.0], [83627.5, 2630.0], [83620.0, 1350.0], [83617.5, 4500.0], [83610.0, 3550.0]], "asks": [[83695.0, 2630.0], [83702.5, 1350.0], [83705.0, 4500.0], [83707.5, 790.0], [83710.0, 2630.0], [83717.5, 6120.0], [83720.0, 21350.0], [83722.5, 4500.0], [83730.0, 54360.0], [83732.5, 10000.0], [83735.0, 4520.0], [83742.5, 1350.0], [83745.0, 4500.0], [83752.5, 1350.0], [83755.0, 4500.0], [83762.5, 7990.0], [83765.0, 26630.0], [83775.0, 1350.0], [83777.5, 4500.0], [83785.0, 5840.0]]}}}
{"jsonrpc": "2.0", "method": "subscription", "params": {"channel": "book.BTC-14MAR25.none.20.100ms", "data": {"timestamp": 1741083955510, "change_id": 90844364745, "instrument_name": "BTC-14MAR25", "bids": [[83687.5, 3000.0], [83685.0, 10000.0], [83682.5, 120.0], [83680.0, 1850.0], [83675.0, 5010.0], [83670.0, 2140.0], [83667.5, 2630.0], [83665.0, 4500.0], [83657.5, 9200.0], [83655.0, 28870.0], [83652.5, 7510.0], [83650.0, 1350.0], [83645.0, 4500.0], [83635.0, 1350.0], [83632.5, 19310.0], [83630.0, 790.0], [83627.5, 2630.0], [83620.0, 1350.0], [83617.5, 4500.0], [83610.0, 3550.0]], "asks": [[83695.0, 2630.0], [83707.5, 790.0], [83710.0, 2630.0], [83717.5, 6120.0], [83720.0, 21350.0], [83722.5, 4500.0], [83730.0, 4360.0], [83732.5, 10000.0], [83735.0, 4520.0], [83742.5, 1350.0], [83745.0, 4500.0], [83752.5, 1350.0], [83755.0, 4500.0], [83762.5, 57990.0], [83765.0, 26630.0], [83775.0, 1350.0], [83777.5, 4500.0], [83785.0, 5840.0], [83787.5, 19470.0], [83797.5, 1360.0]]}}}
{"jsonrpc": "2.0", "method": "subscription", "params": {"channel": "book.BTC-7MAR25.none.20.100ms", "data": {"timestamp": 1741083955506, "change_id": 90844364742, "instrument_name": "BTC-7MAR25", "bids": [[83620.0, 10610.0], [83617.5, 2600.0], [83615.0, 780.0], [83612.5, 2600.0], [83610.0, 3750.0], [83607.5, 5100.0], [83605.0, 10000.0], [83600.0, 2070.0], [83597.5, 15160.0], [83595.0, 6500.0], [83587.5, 1850.0], [83585.0, 52060.0], [83577.5, 750.0], [83575.0, 9090.0], [83572.5, 22770.0], [83565.0, 1950.0], [83562.5, 6500.0], [83540.0, 1950.0], [83537.5, 6500.0], [83535.0, 17580.0]], "asks": [[83627.5, 5100.0], [83632.5, 120.0], [83645.0, 15990.0], [83647.5, 54290.0], [83650.0, 9000.0], [83652.5, 600.0], [83655.0, 2000.0], [83657.5, 1950.0], [83660.0, 6500.0], [83667.5, 40.0], [83685.0, 1950.0], [83687.5, 6500.0], [83692.5, 54910.0], [83695.0, 36250.0], [83697.5, 66320.0], [83720.0, 1950.0], [83722.5, 6500.0], [83735.0, 1990.0], [83737.5, 6500.0], [83745.0, 1960.0]]}}}
{"jsonrpc": "2.0", "method": "subscription", "params": {"channel": "book.BTC-7MAR25.none.20.100ms", "data": {"timestamp": 1741083956202, "change_id": 90844365408, "instrument_name": "BTC-7MAR25", "bids": [[83627.5, 3380.0], [83625.0, 7280.0], [83622.5, 9100.0], [83620.0, 7930.0], [83617.5, 2600.0], [83615.0, 4350.0], [83612.5, 2600.0], [83610.0, 28510.0], [83607.5, 59830.0], [83605.0, 10000.0], [83600.0, 120.0], [83597.5, 15160.0], [83595.0, 6500.0], [83585.0, 52060.0], [83577.5, 750.0], [83575.0, 9090.0], [83572.5, 22770.0], [83565.0, 1950.0], [83562.5, 6500.0], [83540.0, 1950.0]], "asks": [[83632.5, 2620.0], [83637.5, 780.0], [83640.0, 2600.0], [83642.5, 12980.0], [83645.0, 65990.0], [83647.5, 54290.0], [83650.0, 2500.0], [83652.5, 600.0], [83655.0, 2000.0], [83657.5, 1950.0], [83660.0, 6500.0], [83667.5, 40.0], [83685.0, 1950.0], [83687.5, 6500.0], [83695.0, 36250.0], [83697.5, 66320.0], [83722.5, 6500.0], [83735.0, 1990.0], [83737.5, 6500.0], [83745.0, 1960.0]]}}}
{"jsonrpc": "2.0", "method": "subscription", "params": {"channel": "book.BTC-14MAR25.none.20.100ms", "data": {"timestamp": 1741083956195, "change_id": 90844365341, "instrument_name": "BTC-14MAR25", "bids": [[83687.5, 3000.0], [83685.0, 10000.0], [83682.5, 120.0], [83680.0, 19650.0], [83677.5, 59880.0], [83675.0, 5010.0], [83670.0, 2140.0], [83667.5, 2630.0], [83665.0, 4500.0], [83657.5, 9200.0], [83655.0, 28870.0], [83652.5, 7510.0], [83650.0, 1350.0], [83645.0, 4500.0], [83635.0, 1350.0], [83632.5, 19310.0], [83630.0, 790.0], [83627.5, 2630.0], [83620.0, 1350.0], [83617.5, 4500.0]], "asks": [[83695.0, 2630.0], [83707.5, 790.0], [83710.0, 2630.0], [83717.5, 6120.0], [83720.0, 21350.0], [83722.5, 4500.0], [83727.5, 15000.0], [83730.0, 54360.0], [83732.5, 10000.0], [83735.0, 4520.0], [83742.5, 1350.0], [83745.0, 4500.0], [83752.5, 1350.0], [83755.0, 4500.0], [83765.0, 26630.0], [83775.0, 1350.0], [83777.5, 4500.0], [83785.0, 5840.0], [83787.5, 19470.0], [83797.5, 1360.0]]}}}
{"jsonrpc": "2.0", "method": "subscription", "params": {"channel": "book.BTC-7MAR25.none.20.100ms", "data": {"timestamp": 1741083956534, "change_id": 90844366290, "instrument_name": "BTC-7MAR25", "bids": [[83630.0, 2600.0], [83627.5, 3380.0], [83625.0, 3380.0], [83622.5, 2600.0], [83620.0, 1410.0], [83617.5, 2600.0], [83615.0, 5130.0], [83612.5, 2600.0], [83610.0, 27450.0], [83607.5, 59830.0], [83605.0, 10000.0], [83600.0, 120.0], [83597.5, 15160.0], [83595.0, 6500.0], [83585.0, 52060.0], [83575.0, 4450.0], [83572.5, 22770.0], [83565.0, 1950.0], [83562.5, 6500.0], [83540.0, 1950.0]], "asks": [[83632.5, 120.0], [83640.0, 5100.0], [83642.5, 12980.0], [83645.0, 65990.0], [83647.5, 54290.0], [83652.5, 600.0], [83655.0, 2000.0], [83657.5, 1950.0], [83660.0, 6500.0], [83667.5, 40.0], [83675.0, 2500.0], [83685.0, 1950.0], [83687.5, 6500.0], [83695.0, 36250.0], [83697.5, 66320.0], [83722.5, 6500.0], [83735.0, 1990.0], [83737.5, 6500.0], [83745.0, 1960.0], [83747.5, 6500.0]]}}}
{"jsonrpc": "2.0", "method": "subscription", "params": {"channel": "book.BTC-14MAR25.none.20.100ms", "data": {"timestamp": 1741083956485, "change_id": 90844366008, "instrument_name": "BTC-14MAR25", "bids": [[83687.5, 3000.0], [83685.0, 10000.0], [83682.5, 120.0], [83680.0, 19650.0], [83677.5, 59880.0], [83675.0, 7640.0], [83670.0, 1350.0], [83665.0, 4500.0], [83657.5, 9200.0], [83655.0, 31500.0], [83652.5, 7510.0], [83650.0, 1350.0], [83645.0, 4500.0], [83635.0, 1350.0], [83632.5, 19310.0], [83620.0, 1350.0], [83617.5, 4500.0], [83610.0, 3550.0], [83607.5, 11820.0], [83600.0, 20.0]], "asks": [[83695.0, 2630.0], [83717.5, 6120.0], [83720.0, 21350.0], [83722.5, 4500.0], [83727.5, 15000.0], [83730.0, 54360.0], [83732.5, 10000.0], [83735.0, 4520.0], [83737.5, 2630.0], [83742.5, 1350.0], [83745.0, 4500.0], [83752.5, 1350.0], [83755.0, 4500.0], [83765.0, 6500.0], [83775.0, 1350.0], [83777.5, 29170.0], [83785.0, 5840.0], [83787.5, 19470.0], [83797.5, 1360.0], [83800.0, 4520.0]]}}}
{"jsonrpc": "2.0", "method": "subscription", "params": {"channel": "book.BTC-7MAR25.none.20.100ms", "data": {"timestamp": 1741083956799, "change_id": 90844366399, "instrument_name": "BTC-7MAR25", "bids": [[83630.0, 2600.0], [83627.5, 3380.0], [83625.0, 3380.0], [83622.5, 2600.0], [83620.0, 1410.0], [83617.5, 2600.0], [83615.0, 5130.0], [83612.5, 2600.0], [83610.0, 6500.0], [83605.0, 10000.0], [83600.0, 2620.0], [83597.5, 15160.0], [83595.0, 6500.0], [83585.0, 52060.0], [83575.0, 1950.0], [83572.5, 22770.0], [83565.0, 1950.0], [83562.5, 6500.0], [83540.0, 1950.0], [83537.5, 6500.0]], "asks": [[83632.5, 120.0], [83640.0, 5100.0], [83642.5, 12980.0], [83645.0, 65990.0], [83647.5, 54290.0], [83652.5, 600.0], [83655.0, 2000.0], [83657.5, 1950.0], [83660.0, 6500.0], [83667.5, 40.0], [83675.0, 2500.0], [83685.0, 1950.0], [83687.5, 6500.0], [83695.0, 36250.0], [83697.5, 66320.0], [83722.5, 6500.0], [83735.0, 1990.0], [83737.5, 6500.0], [83745.0, 1960.0], [83747.5, 6500.0]]}}}
{"jsonrpc": "2.0", "method": "subscription", "params": {"channel": "book.BTC-14MAR25.none.20.100ms", "data": {"timestamp": 1741083956867, "change_id": 90844366434, "instrument_name": "BTC-14MAR25", "bids": [[83692.5, 470.0], [83687.5, 3000.0], [83685.0, 16190.0], [83682.5, 20120.0], [83680.0, 1970.0], [83675.0, 7640.0], [83670.0, 1350.0], [83665.0, 4500.0], [83657.5, 9200.0], [83655.0, 31500.0], [83652.5, 7510.0], [83650.0, 1350.0], [83645.0, 4500.0], [83635.0, 1350.0], [83632.5, 19310.0], [83620.0, 1350.0], [83617.5, 4500.0], [83610.0, 3550.0], [83607.5, 11820.0], [83600.0, 20.0]], "asks": [[83695.0, 2630.0], [83717.5, 6120.0], [83720.0, 21350.0], [83722.5, 4500.0], [83727.5, 15000.0], [83730.0, 54360.0], [83732.5, 10000.0], [83735.0, 4520.0], [83737.5, 2630.0], [83742.5, 1350.0], [83745.0, 4500.0], [83752.5, 1350.0], [83755.0, 4500.0], [83765.0, 6500.0], [83775.0, 1350.0], [83777.5, 29170.0], [83785.0, 5840.0], [83787.5, 19470.0], [83797.5, 1360.0], [83800.0, 4520.0]]}}}
{"jsonrpc": "2.0", "method": "subscription", "params": {"channel": "book.BTC-7MAR25.none.20.100ms", "data": {"timestamp": 1741083957225, "change_id": 90844367003, "instrument_name": "BTC-7MAR25", "bids": [[83630.0, 2600.0], [83627.5, 2600.0], [83625.0, 780.0], [83622.5, 2600.0], [83620.0, 1410.0], [83617.5, 2600.0], [83615.0, 5130.0], [83612.5, 75120.0], [83610.0, 6500.0], [83607.5, 2600.0], [83605.0, 10000.0], [83600.0, 2620.0], [83597.5, 15160.0], [83595.0, 6500.0], [83587.5, 15620.0], [83585.0, 52060.0], [83575.0, 1950.0], [83572.5, 22770.0], [83565.0, 1950.0], [83562.5, 6500.0]], "asks": [[83632.5, 120.0], [83637.5, 1530.0], [83640.0, 5100.0], [83642.5, 12980.0], [83645.0, 65990.0], [83647.5, 54290.0], [83652.5, 600.0], [83655.0, 2000.0], [83657.5, 1950.0], [83660.0, 6500.0], [83667.5, 40.0], [83675.0, 2500.0], [83685.0, 1950.0], [83687.5, 6500.0], [83695.0, 36250.0], [83697.5, 66320.0], [83722.5, 6500.0], [83735.0, 1990.0], [83737.5, 6500.0], [83745.0, 1960.0]]}}}
{"jsonrpc": "2.0", "method": "subscription", "params": {"channel": "book.BTC-14MAR25.none.20.100ms", "data": {"timestamp": 1741083957226, "change_id": 90844367005, "instrument_name": "BTC-14MAR25", "bids": [[83692.5, 470.0], [83687.5, 3000.0], [83685.0, 37040.0], [83682.5, 92700.0], [83680.0, 1970.0], [83675.0, 7640.0], [83670.0, 1350.0], [83665.0, 4500.0], [83657.5, 9200.0], [83655.0, 31500.0], [83652.5, 7510.0], [83650.0, 1350.0], [83645.0, 4500.0], [83635.0, 1350.0], [83632.5, 19310.0], [83620.0, 1350.0], [83617.5, 4500.0], [83610.0, 3550.0], [83607.5, 11820.0], [83600.0, 20.0]], "asks": [[83695.0, 2630.0], [83717.5, 6120.0], [83720.0, 21350.0], [83722.5, 4500.0], [83727.5, 15000.0], [83730.0, 54360.0], [83732.5, 10000.0], [83735.0, 5310.0], [83737.5, 2630.0], [83742.5, 1350.0], [83745.0, 4500.0], [83752.5, 1350.0], [83755.0, 4500.0], [83765.0, 6500.0], [83775.0, 1350.0], [83777.5, 29170.0], [83785.0, 5840.0], [83787.5, 19470.0], [83797.5, 1360.0], [83800.0, 4520.0]]}}}
{"jsonrpc": "2.0", "method": "subscription", "params": {"channel": "book.BTC-7MAR25.none.20.100ms", "data": {"timestamp": 1741083957487, "change_id": 90844367511, "instrument_name": "BTC-7MAR25", "bids": [[83630.0, 2600.0], [83627.5, 2600.0], [83622.5, 2600.0], [83620.0, 1410.0], [83617.5, 2600.0], [83615.0, 26660.0], [83612.5, 75120.0], [83610.0, 10280.0], [83607.5, 2600.0], [83605.0, 10000.0], [83600.0, 120.0], [83597.5, 15160.0], [83595.0, 6500.0], [83587.5, 15620.0], [83585.0, 52060.0], [83575.0, 4450.0], [83572.5, 22770.0], [83565.0, 1950.0], [83562.5, 6500.0], [83540.0, 1950.0]], "asks": [[83632.5, 2620.0], [83637.5, 780.0], [83640.0, 2600.0], [83642.5, 12980.0], [83645.0, 65990.0], [83647.5, 54290.0], [83650.0, 2500.0], [83652.5, 600.0], [83655.0, 2000.0], [83657.5, 1950.0], [83660.0, 6500.0], [83667.5, 40.0], [83685.0, 1950.0], [83687.5, 6500.0], [83695.0, 36250.0], [83697.5, 66320.0], [83722.5, 6500.0], [83735.0, 1990.0], [83737.5, 6500.0], [83745.0, 1960.0]]}}}
{"jsonrpc": "2.0", "method": "subscription", "params": {"channel": "book.BTC-14MAR25.none.20.100ms", "data": {"timestamp": 1741083957228, "change_id": 90844367012, "instrument_name": "BTC-14MAR25", "bids": [[83692.5, 470.0], [83687.5, 3000.0], [83685.0, 37040.0], [83682.5, 92700.0], [83680.0, 1970.0], [83675.0, 7640.0], [83670.0, 1350.0], [83665.0, 4500.0], [83657.5, 9200.0], [83655.0, 33750.0], [83652.5, 7510.0], [83650.0, 1350.0], [83645.0, 4500.0], [83635.0, 1350.0], [83632.5, 19310.0], [83620.0, 1350.0], [83617.5, 4500.0], [83610.0, 3550.0], [83607.5, 11820.0], [83600.0, 20.0]], "asks": [[83695.0, 2630.0], [83717.5, 6120.0], [83720.0, 21350.0], [83722.5, 4500.0], [83727.5, 15000.0], [83730.0, 54360.0], [83732.5, 10000.0], [83735.0, 5310.0], [83737.5, 2630.0], [83742.5, 1350.0], [83745.0, 4500.0], [83752.5, 1350.0], [83755.0, 4500.0], [83765.0, 6500.0], [83775.0, 8580.0], [83777.5, 29170.0], [83785.0, 5840.0], [83787.5, 19470.0], [83797.5, 1360.0], [83800.0, 4520.0]]}}}
{"jsonrpc": "2.0", "method": "subscription", "params": {"channel": "book.BTC-14MAR25.none.20.100ms", "data": {"timestamp": 1741083957590, "change_id": 90844367789, "instrument_name": "BTC-14MAR25", "bids": [[83692.5, 470.0], [83687.5, 3000.0], [83685.0, 37040.0], [83682.5, 92700.0], [83680.0, 1350.0], [83675.0, 4500.0], [83672.5, 790.0], [83670.0, 3980.0], [83665.0, 4500.0], [83657.5, 9200.0], [83655.0, 33750.0], [83652.5, 7510.0], [83650.0, 1350.0], [83645.0, 4500.0], [83635.0, 1350.0], [83632.5, 19310.0], [83620.0, 1350.0], [83617.5, 4500.0], [83610.0, 3550.0], [83607.5, 11820.0]], "asks": [[83695.0, 2630.0], [83717.5, 6120.0], [83720.0, 21350.0], [83722.5, 4500.0], [83727.5, 15000.0], [83730.0, 54360.0], [83732.5, 10000.0], [83735.0, 5310.0], [83737.5, 2630.0], [83742.5, 1350.0], [83745.0, 4500.0], [83752.5, 1350.0], [83755.0, 4500.0], [83765.0, 6500.0], [83775.0, 8580.0], [83777.5, 29170.0], [83785.0, 5840.0], [83787.5, 19470.0], [83797.5, 1360.0], [83800.0, 4520.0]]}}}
{"jsonrpc": "2.0", "method": "subscription", "params": {"channel": "book.BTC-7MAR25.none.20.100ms", "data": {"timestamp": 1741083957846, "change_id": 90844367878, "instrument_name": "BTC-7MAR25", "bids": [[83622.5, 2600.0], [83620.0, 1410.0], [83617.5, 2600.0], [83615.0, 26660.0], [83612.5, 75120.0], [83610.0, 3780.0], [83605.0, 10000.0], [83600.0, 120.0], [83597.5, 15160.0], [83595.0, 6500.0], [83587.5, 15620.0], [83585.0, 52060.0], [83575.0, 4450.0], [83572.5, 22770.0], [83565.0, 1950.0], [83562.5, 6500.0], [83540.0, 1950.0], [83537.5, 6500.0], [83535.0, 17580.0], [83532.5, 58610.0]], "asks": [[83630.0, 3390.0], [83632.5, 2620.0], [83637.5, 780.0], [83640.0, 2600.0], [83642.5, 12980.0], [83645.0, 65990.0], [83647.5, 54290.0], [83650.0, 9000.0], [83652.5, 600.0], [83655.0, 2000.0], [83657.5, 1950.0], [83660.0, 6500.0], [83667.5, 40.0], [83685.0, 1950.0], [83687.5, 6500.0], [83695.0, 36250.0], [83697.5, 66320.0], [83722.5, 6500.0], [83735.0, 1990.0], [83737.5, 6500.0]]}}}
{"jsonrpc": "2.0", "method": "subscription", "params": {"channel": "book.BTC-14MAR25.none.20.100ms", "data": {"timestamp": 1741083958122, "change_id": 90844368234, "instrument_name": "BTC-14MAR25", "bids": [[83692.5, 470.0], [83687.5, 3000.0], [83685.0, 16190.0], [83682.5, 20120.0], [83680.0, 1350.0], [83675.0, 4500.0], [83672.5, 790.0], [83670.0, 3980.0], [83665.0, 4500.0], [83657.5, 16710.0], [83655.0, 31500.0], [83650.0, 1350.0], [83645.0, 4500.0], [83637.5, 14810.0], [83635.0, 1350.0], [83632.5, 4500.0], [83620.0, 1350.0], [83617.5, 4500.0], [83610.0, 3550.0], [83607.5, 11820.0]], "asks": [[83695.0, 2630.0], [83707.5, 790.0], [83710.0, 2630.0], [83717.5, 6120.0], [83720.0, 21350.0], [83722.5, 4500.0], [83727.5, 15000.0], [83730.0, 54360.0], [83732.5, 10000.0], [83735.0, 4520.0], [83742.5, 1350.0], [83745.0, 4500.0], [83752.5, 1350.0], [83755.0, 4500.0], [83765.0, 6500.0], [83775.0, 8580.0], [83777.5, 29170.0], [83785.0, 5840.0], [83787.5, 19470.0], [83797.5, 1360.0]]}}}
{"jsonrpc": "2.0", "method": "subscription", "params": {"channel": "book.BTC-7MAR25.none.20.100ms", "data": {"timestamp": 1741083958117, "change_id": 90844368230, "instrument_name": "BTC-7MAR25", "bids": [[83622.5, 2600.0], [83620.0, 980.0], [83617.5, 2600.0], [83615.0, 780.0], [83612.5, 2600.0], [83610.0, 3780.0], [83607.5, 5100.0], [83605.0, 10000.0], [83600.0, 6620.0], [83597.5, 15160.0], [83595.0, 6500.0], [83587.5, 15620.0], [83585.0, 52060.0], [83575.0, 4450.0], [83572.5, 22770.0], [83565.0, 1950.0], [83562.5, 6500.0], [83540.0, 1950.0], [83537.5, 6500.0], [83535.0, 17580.0]], "asks": [[83630.0, 3390.0], [83632.5, 2620.0], [83637.5, 780.0], [83640.0, 2600.0], [83642.5, 12980.0], [83645.0, 65990.0], [83647.5, 54290.0], [83650.0, 9000.0], [83652.5, 600.0], [83655.0, 2000.0], [83657.5, 1950.0], [83660.0, 6500.0], [83667.5, 40.0], [83685.0, 1950.0], [83687.5, 6500.0], [83692.5, 4910.0], [83695.0, 36250.0], [83697.5, 66320.0], [83720.0, 1950.0], [83722.5, 6500.0]]}}}
{"jsonrpc": "2.0", "method": "subscription", "params": {"channel": "book.BTC-14MAR25.none.20.100ms", "data": {"timestamp": 1741083958464, "change_id": 90844368778, "instrument_name": "BTC-14MAR25", "bids": [[83692.5, 470.0], [83687.5, 3000.0], [83685.0, 16190.0], [83682.5, 20120.0], [83680.0, 8440.0], [83677.5, 24180.0], [83675.0, 4500.0], [83672.5, 790.0], [83670.0, 3980.0], [83665.0, 4500.0], [83657.5, 16710.0], [83655.0, 31500.0], [83650.0, 1350.0], [83645.0, 4500.0], [83640.0, 4440.0], [83637.5, 14810.0], [83635.0, 1350.0], [83632.5, 4500.0], [83620.0, 1350.0], [83617.5, 4500.0]], "asks": [[83695.0, 2630.0], [83707.5, 790.0], [83710.0, 2630.0], [83717.5, 6120.0], [83720.0, 36180.0], [83722.5, 4500.0], [83725.0, 50000.0], [83730.0, 4360.0], [83732.5, 10000.0], [83735.0, 4520.0], [83742.5, 1350.0], [83745.0, 4500.0], [83752.5, 1350.0], [83755.0, 4500.0], [83762.5, 1950.0], [83765.0, 6500.0], [83775.0, 8580.0], [83777.5, 29170.0], [83785.0, 5840.0], [83787.5, 19470.0]]}}}
{"jsonrpc": "2.0", "method": "subscription", "params": {"channel": "book.BTC-7MAR25.none.20.100ms", "data": {"timestamp": 1741083958464, "change_id": 90844368779, "instrument_name": "BTC-7MAR25", "bids": [[83622.5, 2600.0], [83620.0, 980.0], [83617.5, 2600.0], [83615.0, 780.0], [83612.5, 2600.0], [83610.0, 11310.0], [83607.5, 29260.0], [83605.0, 14580.0], [83602.5, 15160.0], [83600.0, 120.0], [83595.0, 6500.0], [83587.5, 45560.0], [83585.0, 6500.0], [83575.0, 4450.0], [83572.5, 22770.0], [83565.0, 1950.0], [83562.5, 6500.0], [83540.0, 19280.0], [83537.5, 6500.0], [83535.0, 58570.0]], "asks": [[83630.0, 3390.0], [83632.5, 2620.0], [83637.5, 780.0], [83640.0, 2600.0], [83642.5, 12980.0], [83645.0, 65990.0], [83647.5, 54290.0], [83650.0, 9000.0], [83652.5, 600.0], [83655.0, 2000.0], [83657.5, 1950.0], [83660.0, 6500.0], [83667.5, 40.0], [83685.0, 1950.0], [83687.5, 6500.0], [83692.5, 4910.0], [83695.0, 36250.0], [83697.5, 66320.0], [83720.0, 1950.0], [83722.5, 6500.0]]}}}
{"jsonrpc": "2.0", "method": "subscription", "params": {"channel": "book.BTC-7MAR25.none.20.100ms", "data": {"timestamp": 1741083958674, "change_id": 90844369125, "instrument_name": "BTC-7MAR25", "bids": [[83622.5, 2600.0], [83620.0, 980.0], [83617.5, 2600.0], [83615.0, 2630.0], [83612.5, 9100.0], [83610.0, 11310.0], [83607.5, 29260.0], [83605.0, 14580.0], [83602.5, 15160.0], [83600.0, 120.0], [83595.0, 6500.0], [83587.5, 45560.0], [83585.0, 6500.0], [83575.0, 4450.0], [83572.5, 22770.0], [83565.0, 1950.0], [83562.5, 6500.0], [83540.0, 19280.0], [83537.5, 6500.0], [83535.0, 58570.0]], "asks": [[83630.0, 2600.0], [83632.5, 2620.0], [83637.5, 780.0], [83640.0, 2600.0], [83642.5, 12980.0], [83645.0, 65990.0], [83647.5, 54290.0], [83650.0, 9000.0], [83652.5, 600.0], [83655.0, 2000.0], [83657.5, 1950.0], [83660.0, 6500.0], [83667.5, 40.0], [83685.0, 1950.0], [83687.5, 6500.0], [83692.5, 4910.0], [83695.0, 36250.0], [83697.5, 66320.0], [83720.0, 1950.0], [83722.5, 6500.0]]}}}
{"jsonrpc": "2.0", "method": "subscription", "params": {"channel": "book.BTC-14MAR25.none.20.100ms", "data": {"timestamp": 1741083959199, "change_id": 90844369657, "instrument_name": "BTC-14MAR25", "bids": [[83692.5, 470.0], [83687.5, 3000.0], [83685.0, 16190.0], [83682.5, 20120.0], [83680.0, 8440.0], [83677.5, 24180.0], [83675.0, 4500.0], [83672.5, 790.0], [83670.0, 3980.0], [83665.0, 4500.0], [83657.5, 16710.0], [83655.0, 28870.0], [83650.0, 1350.0], [83645.0, 4500.0], [83640.0, 4440.0], [83637.5, 14810.0], [83635.0, 1350.0], [83632.5, 4500.0], [83627.5, 2630.0], [83620.0, 1350.0]], "asks": [[83695.0, 2630.0], [83707.5, 790.0], [83710.0, 2630.0], [83717.5, 6120.0], [83720.0, 36180.0], [83722.5, 4500.0], [83725.0, 50000.0], [83730.0, 4360.0], [83732.5, 10000.0], [83735.0, 4520.0], [83742.5, 1350.0], [83745.0, 4500.0], [83752.5, 1350.0], [83755.0, 4500.0], [83762.5, 1950.0], [83765.0, 6500.0], [83775.0, 8580.0], [83777.5, 29170.0], [83785.0, 5840.0], [83787.5, 19470.0]]}}}
{"jsonrpc": "2.0", "method": "subscription", "params": {"channel": "book.BTC-7MAR25.none.20.100ms", "data": {"timestamp": 1741083959050, "change_id": 90844369454, "instrument_name": "BTC-7MAR25", "bids": [[83620.0, 980.0], [83617.5, 2600.0], [83615.0, 780.0], [83612.5, 2600.0], [83610.0, 11310.0], [83607.5, 29260.0], [83605.0, 14580.0], [83602.5, 15160.0], [83600.0, 120.0], [83595.0, 6500.0], [83587.5, 45560.0], [83585.0, 6500.0], [83575.0, 4450.0], [83572.5, 22770.0], [83565.0, 1950.0], [83562.5, 6500.0], [83540.0, 19280.0], [83537.5, 6500.0], [83535.0, 58570.0], [83532.5, 40.0]], "asks": [[83627.5, 2600.0], [83630.0, 4070.0], [83632.5, 2620.0], [83635.0, 2600.0], [83637.5, 780.0], [83640.0, 2600.0], [83642.5, 12980.0], [83645.0, 65990.0], [83647.5, 54290.0], [83650.0, 9000.0], [83652.5, 600.0], [83655.0, 2000.0], [83657.5, 1950.0], [83660.0, 6500.0], [83667.5, 40.0], [83685.0, 1950.0], [83687.5, 6500.0], [83692.5, 4910.0], [83695.0, 36250.0], [83697.5, 66320.0]]}}}
{"jsonrpc": "2.0", "method": "subscription", "params": {"channel": "book.BTC-7MAR25.none.20.100ms", "data": {"timestamp": 1741083959503, "change_id": 90844370041, "instrument_name": "BTC-7MAR25", "bids": [[83620.0, 980.0], [83617.5, 2600.0], [83615.0, 780.0], [83612.5, 2600.0], [83610.0, 11310.0], [83607.5, 29260.0], [83605.0, 14580.0], [83602.5, 15160.0], [83600.0, 120.0], [83595.0, 6500.0], [83590.0, 15620.0], [83587.5, 45560.0], [83585.0, 6500.0], [83575.0, 4450.0], [83572.5, 22770.0], [83565.0, 1950.0], [83562.5, 6500.0], [83540.0, 19280.0], [83537.5, 6500.0], [83535.0, 58570.0]], "asks": [[83627.5, 2600.0], [83630.0, 4070.0], [83632.5, 2620.0], [83635.0, 2600.0], [83637.5, 780.0], [83640.0, 2600.0], [83642.5, 12980.0], [83645.0, 65990.0], [83647.5, 54290.0], [83650.0, 9000.0], [83652.5, 600.0], [83655.0, 2000.0], [83657.5, 1950.0], [83660.0, 6500.0], [83667.5, 40.0], [83685.0, 1950.0], [83687.5, 6500.0], [83692.5, 4910.0], [83695.0, 36250.0], [83697.5, 66320.0]]}}}
{"jsonrpc": "2.0", "method": "subscription", "params": {"channel": "book.BTC-14MAR25.none.20.100ms", "data": {"timestamp": 1741083959502, "change_id": 90844370040, "instrument_name": "BTC-14MAR25", "bids": [[83692.5, 470.0], [83687.5, 3000.0], [83685.0, 16190.0], [83682.5, 20120.0], [83680.0, 8440.0], [83677.5, 24180.0], [83675.0, 4500.0], [83672.5, 790.0], [83670.0, 3980.0], [83665.0, 4500.0], [83657.5, 16710.0], [83655.0, 28870.0], [83650.0, 1350.0], [83645.0, 4500.0], [83640.0, 4440.0], [83637.5, 14810.0], [83635.0, 1350.0], [83632.5, 4500.0], [83630.0, 790.0], [83627.5, 2630.0]], "asks": [[83695.0, 2630.0], [83707.5, 790.0], [83710.0, 2630.0], [83717.5, 6120.0], [83720.0, 36180.0], [83722.5, 4500.0], [83725.0, 50000.0], [83730.0, 4360.0], [83732.5, 10000.0], [83735.0, 4520.0], [83742.5, 1350.0], [83745.0, 4500.0], [83752.5, 1350.0], [83755.0, 4500.0], [83762.5, 1950.0], [83765.0, 6500.0], [83775.0, 8580.0], [83777.5, 29170.0], [83785.0, 5840.0], [83787.5, 19470.0]]}}}
{"jsonrpc": "2.0", "method": "subscription", "params": {"channel": "book.BTC-14MAR25.none.20.100ms", "data": {"timestamp": 1741083959689, "change_id": 90844370334, "instrument_name": "BTC-14MAR25", "bids": [[83692.5, 470.0], [83687.5, 3000.0], [83685.0, 16190.0], [83682.5, 20120.0], [83680.0, 8440.0], [83677.5, 24180.0], [83675.0, 4500.0], [83672.5, 790.0], [83670.0, 3980.0], [83665.0, 4500.0], [83657.5, 16710.0], [83655.0, 28870.0], [83650.0, 1350.0], [83645.0, 4500.0], [83640.0, 4440.0], [83637.5, 14810.0], [83635.0, 1350.0], [83632.5, 4500.0], [83630.0, 790.0], [83627.5, 2630.0]], "asks": [[83695.0, 2630.0], [83707.5, 790.0], [83710.0, 2630.0], [83717.5, 6120.0], [83720.0, 21350.0], [83722.5, 4500.0], [83727.5, 15000.0], [83730.0, 54360.0], [83732.5, 10000.0], [83735.0, 4520.0], [83742.5, 1350.0], [83745.0, 4500.0], [83752.5, 1350.0], [83755.0, 4500.0], [83765.0, 6500.0], [83775.0, 8580.0], [83777.5, 29170.0], [83785.0, 5840.0], [83787.5, 19470.0], [83797.5, 1360.0]]}}}
{"jsonrpc": "2.0", "method": "subscription", "params": {"channel": "book.BTC-7MAR25.none.20.100ms", "data": {"timestamp": 1741083959783, "change_id": 90844370401, "instrument_name": "BTC-7MAR25", "bids": [[83620.0, 9830.0], [83617.5, 2600.0], [83615.0, 780.0], [83612.5, 2600.0], [83610.0, 11310.0], [83607.5, 29260.0], [83605.0, 14580.0], [83602.5, 15160.0], [83600.0, 120.0], [83597.5, 1950.0], [83595.0, 6500.0], [83590.0, 15620.0], [83587.5, 45560.0], [83585.0, 6500.0], [83575.0, 4450.0], [83572.5, 22770.0], [83565.0, 1950.0], [83562.5, 6500.0], [83540.0, 19280.0], [83537.5, 6500.0]], "asks": [[83625.0, 2600.0], [83627.5, 2600.0], [83630.0, 4070.0], [83632.5, 2620.0], [83635.0, 2600.0], [83637.5, 780.0], [83640.0, 2600.0], [83642.5, 15000.0], [83645.0, 65990.0], [83647.5, 54290.0], [83650.0, 9000.0], [83652.5, 600.0], [83655.0, 2000.0], [83657.5, 1950.0], [83660.0, 6500.0], [83667.5, 40.0], [83685.0, 1950.0], [83687.5, 6500.0], [83695.0, 36250.0], [83697.5, 66320.0]]}}}
{"jsonrpc": "2.0", "method": "subscription", "params": {"channel": "book.BTC-7MAR25.none.20.100ms", "data": {"timestamp": 1741083960191, "change_id": 90844370814, "instrument_name": "BTC-7MAR25", "bids": [[83625.0, 5330.0], [83622.5, 9100.0], [83620.0, 780.0], [83617.5, 2600.0], [83615.0, 2630.0], [83612.5, 9100.0], [83610.0, 11310.0], [83607.5, 29260.0], [83605.0, 14580.0], [83602.5, 15160.0], [83600.0, 120.0], [83597.5, 1950.0], [83595.0, 6500.0], [83590.0, 15620.0], [83587.5, 45560.0], [83585.0, 6500.0], [83575.0, 4450.0], [83572.5, 22770.0], [83565.0, 1950.0], [83562.5, 6500.0]], "asks": [[83632.5, 2620.0], [83637.5, 780.0], [83640.0, 2600.0], [83642.5, 15000.0], [83645.0, 65990.0], [83647.5, 54290.0], [83650.0, 2500.0], [83652.5, 600.0], [83655.0, 2000.0], [83657.5, 1950.0], [83660.0, 6500.0], [83667.5, 40.0], [83685.0, 1950.0], [83687.5, 6500.0], [83695.0, 36250.0], [83697.5, 66320.0], [83720.0, 1950.0], [83722.5, 6500.0], [83735.0, 1990.0], [83737.5, 6500.0]]}}}
{"jsonrpc": "2.0", "method": "subscription", "params": {"channel": "book.BTC-7MAR25.none.20.100ms", "data": {"timestamp": 1741083960531, "change_id": 90844371664, "instrument_name": "BTC-7MAR25", "bids": [[83627.5, 2600.0], [83625.0, 2600.0], [83622.5, 2600.0], [83620.0, 780.0], [83617.5, 2600.0], [83615.0, 780.0], [83612.5, 2600.0], [83610.0, 11310.0], [83607.5, 29260.0], [83605.0, 14580.0], [83602.5, 15160.0], [83600.0, 120.0], [83597.5, 1950.0], [83595.0, 6500.0], [83590.0, 15620.0], [83587.5, 45560.0], [83585.0, 6500.0], [83575.0, 9090.0], [83572.5, 22770.0], [83565.0, 1950.0]], "asks": [[83632.5, 2620.0], [83637.5, 780.0], [83640.0, 2600.0], [83642.5, 15000.0], [83645.0, 65990.0], [83647.5, 54290.0], [83650.0, 2500.0], [83652.5, 600.0], [83655.0, 2000.0], [83657.5, 1950.0], [83660.0, 6500.0], [83667.5, 40.0], [83685.0, 1950.0], [83687.5, 6500.0], [83695.0, 36250.0], [83697.5, 66320.0], [83720.0, 1950.0], [83722.5, 6500.0], [83735.0, 1990.0], [83737.5, 6500.0]]}}}
{"jsonrpc": "2.0", "method": "subscription", "params": {"channel": "book.BTC-7MAR25.none.20.100ms", "data": {"timestamp": 1741083960821, "change_id": 90844372042, "instrument_name": "BTC-7MAR25", "bids": [[83617.5, 2600.0], [83615.0, 780.0], [83612.5, 2600.0], [83610.0, 1530.0], [83607.5, 5100.0], [83600.0, 6620.0], [83597.5, 15160.0], [83595.0, 6500.0], [83592.5, 10000.0], [83585.0, 6500.0], [83577.5, 45560.0], [83575.0, 9090.0], [83572.5, 22770.0], [83565.0, 1950.0], [83562.5, 6500.0], [83540.0, 1950.0], [83537.5, 6500.0], [83532.5, 40.0], [83530.0, 19280.0], [83527.5, 65070.0]], "asks": [[83622.5, 2600.0], [83625.0, 5100.0], [83632.5, 120.0], [83637.5, 780.0], [83640.0, 2600.0], [83642.5, 15000.0], [83645.0, 65990.0], [83647.5, 54290.0], [83650.0, 9000.0], [83652.5, 600.0], [83655.0, 2000.0], [83657.5, 1950.0], [83660.0, 6500.0], [83667.5, 40.0], [83685.0, 1950.0], [83687.5, 6500.0], [83695.0, 36250.0], [83697.5, 66320.0], [83720.0, 1950.0], [83722.5, 6500.0]]}}}
{"jsonrpc": "2.0", "method": "subscription", "params": {"channel": "book.BTC-14MAR25.none.20.100ms", "data": {"timestamp": 1741083960591, "change_id": 90844371822, "instrument_name": "BTC-14MAR25", "bids": [[83692.5, 470.0], [83687.5, 3000.0], [83685.0, 10000.0], [83682.5, 120.0], [83680.0, 1350.0], [83675.0, 4500.0], [83670.0, 1350.0], [83665.0, 5290.0], [83662.5, 2630.0], [83657.5, 16710.0], [83655.0, 28870.0], [83650.0, 1350.0], [83645.0, 4500.0], [83640.0, 4440.0], [83637.5, 14810.0], [83635.0, 1350.0], [83632.5, 4500.0], [83630.0, 790.0], [83627.5, 2630.0], [83620.0, 1350.0]], "asks": [[83695.0, 2630.0], [83702.5, 1350.0], [83705.0, 4500.0], [83707.5, 790.0], [83710.0, 2630.0], [83717.5, 6120.0], [83720.0, 21350.0], [83722.5, 4500.0], [83730.0, 4360.0], [83732.5, 60000.0], [83735.0, 4520.0], [83742.5, 1350.0], [83745.0, 4500.0], [83752.5, 1350.0], [83755.0, 4500.0], [83765.0, 6500.0], [83775.0, 8580.0], [83777.5, 29170.0], [83785.0, 5840.0], [83787.5, 19470.0]]}}}
{"jsonrpc": "2.0", "method": "subscription", "params": {"channel": "book.BTC-14MAR25.none.20.100ms", "data": {"timestamp": 1741083961119, "change_id": 90844372486, "instrument_name": "BTC-14MAR25", "bids": [[83692.5, 470.0], [83687.5, 3000.0], [83685.0, 10000.0], [83680.0, 11070.0], [83675.0, 37450.0], [83670.0, 1470.0], [83665.0, 5290.0], [83662.5, 2630.0], [83657.5, 9200.0], [83655.0, 28870.0], [83650.0, 1350.0], [83647.5, 7510.0], [83645.0, 4500.0], [83635.0, 1350.0], [83632.5, 4500.0], [83630.0, 5130.0], [83627.5, 17440.0], [83620.0, 1350.0], [83617.5, 4500.0], [83610.0, 3550.0]], "asks": [[83695.0, 2630.0], [83702.5, 1350.0], [83705.0, 4500.0], [83707.5, 790.0], [83710.0, 2630.0], [83717.5, 6120.0], [83720.0, 21350.0], [83722.5, 4500.0], [83730.0, 4360.0], [83732.5, 60000.0], [83735.0, 4520.0], [83742.5, 1350.0], [83745.0, 4500.0], [83752.5, 1350.0], [83755.0, 4500.0], [83765.0, 6500.0], [83775.0, 8580.0], [83777.5, 29170.0], [83785.0, 5840.0], [83787.5, 19470.0]]}}}
{"jsonrpc": "2.0", "method": "subscription", "params": {"channel": "book.BTC-7MAR25.none.20.100ms", "data": {"timestamp": 1741083961157, "change_id": 90844372503, "instrument_name": "BTC-7MAR25", "bids": [[83620.0, 9830.0], [83612.5, 2600.0], [83610.0, 11220.0], [83607.5, 5100.0], [83605.0, 32930.0], [83600.0, 6500.0], [83597.5, 15160.0], [83595.0, 6500.0], [83592.5, 10000.0], [83587.5, 120.0], [83585.0, 6500.0], [83577.5, 45560.0], [83575.0, 9090.0], [83572.5, 22770.0], [83565.0, 1950.0], [83562.5, 6500.0], [83540.0, 1950.0], [83537.5, 6500.0], [83532.5, 40.0], [83530.0, 19280.0]], "asks": [[83625.0, 2500.0], [83632.5, 900.0], [83635.0, 2600.0], [83637.5, 780.0], [83640.0, 2600.0], [83642.5, 15000.0], [83645.0, 65990.0], [83647.5, 54290.0], [83650.0, 9000.0], [83652.5, 600.0], [83655.0, 2000.0], [83657.5, 1950.0], [83660.0, 6500.0], [83667.5, 40.0], [83685.0, 1950.0], [83687.5, 6500.0], [83695.0, 36250.0], [83697.5, 66320.0], [83720.0, 1950.0], [83722.5, 6500.0]]}}}
{"jsonrpc": "2.0", "method": "subscription", "params": {"channel": "book.BTC-7MAR25.none.20.100ms", "data": {"timestamp": 1741083961518, "change_id": 90844373175, "instrument_name": "BTC-7MAR25", "bids": [[83620.0, 16330.0], [83615.0, 780.0], [83612.5, 2600.0], [83610.0, 11220.0], [83607.5, 5100.0], [83605.0, 32930.0], [83600.0, 6500.0], [83597.5, 15160.0], [83595.0, 6500.0], [83592.5, 10000.0], [83587.5, 120.0], [83585.0, 6500.0], [83580.0, 14420.0], [83577.5, 45560.0], [83575.0, 9090.0], [83572.5, 22770.0], [83565.0, 1950.0], [83562.5, 6500.0], [83540.0, 1950.0], [83537.5, 6500.0]], "asks": [[83625.0, 2500.0], [83632.5, 900.0], [83635.0, 2600.0], [83637.5, 780.0], [83640.0, 2600.0], [83642.5, 15000.0], [83645.0, 65990.0], [83647.5, 54290.0], [83650.0, 9000.0], [83652.5, 600.0], [83655.0, 2000.0], [83657.5, 1950.0], [83660.0, 6500.0], [83667.5, 40.0], [83685.0, 1950.0], [83687.5, 6500.0], [83692.5, 4910.0], [83695.0, 36250.0], [83697.5, 66320.0], [83720.0, 1950.0]]}}}
{"jsonrpc": "2.0", "method": "subscription", "params": {"channel": "book.BTC-14MAR25.none.20.100ms", "data": {"timestamp": 1741083961516, "change_id": 90844373141, "instrument_name": "BTC-14MAR25", "bids": [[83692.5, 470.0], [83687.5, 3000.0], [83685.0, 10000.0], [83680.0, 11070.0], [83675.0, 37450.0], [83670.0, 1470.0], [83665.0, 5290.0], [83662.5, 2630.0], [83657.5, 9200.0], [83655.0, 28870.0], [83650.0, 1350.0], [83647.5, 7510.0], [83645.0, 4500.0], [83635.0, 1350.0], [83632.5, 4500.0], [83630.0, 5130.0], [83627.5, 17440.0], [83620.0, 1350.0], [83617.5, 4500.0], [83610.0, 3550.0]], "asks": [[83695.0, 2630.0], [83707.5, 790.0], [83710.0, 2630.0], [83717.5, 6120.0], [83720.0, 21350.0], [83722.5, 4500.0], [83730.0, 18810.0], [83732.5, 60000.0], [83735.0, 4520.0], [83742.5, 1350.0], [83745.0, 4500.0], [83752.5, 1350.0], [83755.0, 4500.0], [83762.5, 1950.0], [83765.0, 6500.0], [83775.0, 8580.0], [83777.5, 29170.0], [83785.0, 5840.0], [83787.5, 19470.0], [83797.5, 1360.0]]}}}
{"jsonrpc": "2.0", "method": "subscription", "params": {"channel": "book.BTC-7MAR25.none.20.100ms", "data": {"timestamp": 1741083961842, "change_id": 90844373472, "instrument_name": "BTC-7MAR25", "bids": [[83622.5, 7130.0], [83620.0, 16330.0], [83615.0, 780.0], [83612.5, 2600.0], [83610.0, 11220.0], [83607.5, 5100.0], [83605.0, 32930.0], [83600.0, 6500.0], [83597.5, 15160.0], [83595.0, 6500.0], [83592.5, 10000.0], [83587.5, 120.0], [83585.0, 6500.0], [83580.0, 14420.0], [83577.5, 45560.0], [83575.0, 9090.0], [83572.5, 22770.0], [83565.0, 1950.0], [83562.5, 6500.0], [83540.0, 1950.0]], "asks": [[83632.5, 2620.0], [83635.0, 2600.0], [83637.5, 780.0], [83640.0, 2600.0], [83642.5, 15000.0], [83645.0, 65990.0], [83647.5, 54290.0], [83650.0, 9000.0], [83652.5, 600.0], [83655.0, 2000.0], [83657.5, 1950.0], [83660.0, 6500.0], [83667.5, 40.0], [83685.0, 1950.0], [83687.5, 6500.0], [83692.5, 4910.0], [83695.0, 36250.0], [83697.5, 66320.0], [83720.0, 1950.0], [83722.5, 6500.0]]}}}
{"jsonrpc": "2.0", "method": "subscription", "params": {"channel": "book.BTC-14MAR25.none.20.100ms", "data": {"timestamp": 1741083962055, "change_id": 90844373850, "instrument_name": "BTC-14MAR25", "bids": [[83692.5, 470.0], [83687.5, 3000.0], [83685.0, 10000.0], [83680.0, 11070.0], [83675.0, 37450.0], [83670.0, 1470.0], [83665.0, 5290.0], [83662.5, 2630.0], [83657.5, 9200.0], [83655.0, 28870.0], [83650.0, 1350.0], [83647.5, 7510.0], [83645.0, 4500.0], [83635.0, 1350.0], [83632.5, 4500.0], [83630.0, 5130.0], [83627.5, 17440.0], [83620.0, 1350.0], [83617.5, 4500.0], [83610.0, 3550.0]], "asks": [[83695.0, 2630.0], [83702.5, 1350.0], [83705.0, 4500.0], [83707.5, 790.0], [83710.0, 2630.0], [83717.5, 6120.0], [83720.0, 21350.0], [83722.5, 4500.0], [83730.0, 4360.0], [83732.5, 60000.0], [83735.0, 4520.0], [83742.5, 1350.0], [83745.0, 4500.0], [83752.5, 1350.0], [83755.0, 4500.0], [83762.5, 1950.0], [83765.0, 6500.0], [83775.0, 8580.0], [83777.5, 29170.0], [83785.0, 5840.0]]}}}
{"jsonrpc": "2.0", "method": "subscription", "params": {"channel": "book.BTC-7MAR25.none.20.100ms", "data": {"timestamp": 1741083962015, "change_id": 90844373757, "instrument_name": "BTC-7MAR25", "bids": [[83622.5, 2600.0], [83615.0, 1460.0], [83612.5, 2600.0], [83610.0, 13820.0], [83607.5, 5100.0], [83605.0, 32930.0], [83600.0, 6500.0], [83597.5, 15160.0], [83595.0, 6500.0], [83592.5, 10000.0], [83587.5, 120.0], [83585.0, 6500.0], [83580.0, 14420.0], [83577.5, 45560.0], [83575.0, 9090.0], [83572.5, 22770.0], [83565.0, 1950.0], [83562.5, 6500.0], [83540.0, 1950.0], [83537.5, 6500.0]], "asks": [[83630.0, 4170.0], [83632.5, 2620.0], [83635.0, 2600.0], [83637.5, 2630.0], [83640.0, 9100.0], [83642.5, 15000.0], [83645.0, 65990.0], [83647.5, 54290.0], [83650.0, 9000.0], [83652.5, 600.0], [83655.0, 2000.0], [83657.5, 1950.0], [83660.0, 6500.0], [83667.5, 40.0], [83685.0, 1950.0], [83687.5, 6500.0], [83692.5, 4910.0], [83695.0, 36250.0], [83697.5, 66320.0], [83720.0, 1950.0]]}}}
{"jsonrpc": "2.0", "method": "subscription", "params": {"channel": "book.BTC-7MAR25.none.20.100ms", "data": {"timestamp": 1741083962513, "change_id": 90844374719, "instrument_name": "BTC-7MAR25", "bids": [[83607.5, 12480.0], [83605.0, 32930.0], [83600.0, 4550.0], [83597.5, 15160.0], [83595.0, 3000.0], [83592.5, 10000.0], [83587.5, 2070.0], [83585.0, 6500.0], [83580.0, 14420.0], [83577.5, 45560.0], [83575.0, 9090.0], [83572.5, 22770.0], [83565.0, 1950.0], [83562.5, 6500.0], [83540.0, 1950.0], [83537.5, 6500.0], [83532.5, 40.0], [83530.0, 19280.0], [83527.5, 65070.0], [83520.0, 1950.0]], "asks": [[83617.5, 780.0], [83620.0, 4160.0], [83622.5, 2600.0], [83625.0, 5230.0], [83627.5, 2600.0], [83630.0, 7790.0], [83632.5, 2620.0], [83635.0, 2000.0], [83637.5, 2630.0], [83640.0, 9100.0], [83642.5, 15000.0], [83645.0, 65990.0], [83647.5, 54290.0], [83650.0, 9000.0], [83657.5, 1950.0], [83660.0, 6500.0], [83667.5, 40.0], [83685.0, 1950.0], [83687.5, 6500.0], [83692.5, 4910.0]]}}}
{"jsonrpc": "2.0", "method": "subscription", "params": {"channel": "book.BTC-14MAR25.none.20.100ms", "data": {"timestamp": 1741083962508, "change_id": 90844374688, "instrument_name": "BTC-14MAR25", "bids": [[83692.5, 470.0], [83685.0, 10000.0], [83680.0, 11070.0], [83675.0, 32950.0], [83670.0, 1470.0], [83665.0, 5290.0], [83662.5, 2630.0], [83657.5, 9200.0], [83655.0, 28870.0], [83650.0, 1350.0], [83647.5, 7510.0], [83645.0, 4500.0], [83635.0, 1350.0], [83632.5, 4500.0], [83630.0, 5130.0], [83627.5, 17440.0], [83620.0, 1350.0], [83617.5, 4500.0], [83610.0, 3550.0], [83607.5, 11820.0]], "asks": [[83695.0, 7130.0], [83702.5, 1350.0], [83705.0, 4500.0], [83707.5, 790.0], [83710.0, 2630.0], [83717.5, 6120.0], [83720.0, 21350.0], [83722.5, 4500.0], [83727.5, 50000.0], [83730.0, 4360.0], [83732.5, 10000.0], [83735.0, 4520.0], [83742.5, 1350.0], [83745.0, 4500.0], [83752.5, 1350.0], [83755.0, 4500.0], [83762.5, 1950.0], [83765.0, 6500.0], [83775.0, 8580.0], [83777.5, 29170.0]]}}}
{"jsonrpc": "2.0", "method": "subscription", "params": {"channel": "book.BTC-14MAR25.none.20.100ms", "data": {"timestamp": 1741083962844, "change_id": 90844376089, "instrument_name": "BTC-14MAR25", "bids": [[83672.5, 10000.0], [83657.5, 7350.0], [83655.0, 24490.0], [83647.5, 2630.0], [83645.0, 4500.0], [83632.5, 12010.0], [83630.0, 790.0], [83627.5, 2630.0], [83617.5, 4500.0], [83612.5, 4440.0], [83610.0, 18360.0], [83607.5, 11820.0], [83600.0, 20.0], [83540.0, 4500.0], [83532.5, 20.0], [83475.0, 5490.0], [83472.5, 13800.0], [83470.0, 4500.0], [83467.5, 20.0], [83465.0, 105000.0]], "asks": [[83682.5, 1350.0], [83685.0, 4500.0], [83692.5, 790.0], [83695.0, 2630.0], [83702.5, 1350.0], [83705.0, 4500.0], [83707.5, 120.0], [83710.0, 2630.0], [83720.0, 20000.0], [83722.5, 14500.0], [83732.5, 50000.0], [83735.0, 4520.0], [83745.0, 6500.0], [83755.0, 4500.0], [83762.5, 1350.0], [83765.0, 4500.0], [83777.5, 29170.0], [83787.5, 19470.0], [83800.0, 4520.0], [83807.5, 22940.0]]}}}
{"jsonrpc": "2.0", "method": "subscription", "params": {"channel": "book.BTC-7MAR25.none.20.100ms", "data": {"timestamp": 1741083962838, "change_id": 90844376074, "instrument_name": "BTC-7MAR25", "bids": [[83590.0, 5100.0], [83580.0, 9100.0], [83577.5, 25160.0], [83575.0, 2500.0], [83572.5, 22890.0], [83562.5, 6500.0], [83542.5, 45560.0], [83537.5, 6500.0], [83532.5, 40.0], [83527.5, 6500.0], [83517.5, 6500.0], [83510.0, 58570.0], [83507.5, 6500.0], [83497.5, 6500.0], [83492.5, 10.0], [83477.5, 6500.0], [83467.5, 6540.0], [83457.5, 6500.0], [83430.0, 3450.0], [83427.5, 6500.0]], "asks": [[83615.0, 6500.0], [83617.5, 2500.0], [83620.0, 2600.0], [83622.5, 2720.0], [83625.0, 2600.0], [83627.5, 12600.0], [83630.0, 6500.0], [83632.5, 50000.0], [83635.0, 46290.0], [83640.0, 6500.0], [83650.0, 9000.0], [83655.0, 15660.0], [83660.0, 6500.0], [83667.5, 40.0], [83687.5, 6500.0], [83697.5, 66320.0], [83722.5, 6500.0], [83735.0, 40.0], [83737.5, 6500.0], [83745.0, 10.0]]}}}
{"jsonrpc": "2.0", "method": "subscription", "params": {"channel": "book.BTC-14MAR25.none.20.100ms", "data": {"timestamp": 1741083963066, "change_id": 90844376755, "instrument_name": "BTC-14MAR25", "bids": [[83672.5, 10000.0], [83662.5, 510.0], [83660.0, 1700.0], [83657.5, 7350.0], [83655.0, 24490.0], [83647.5, 2630.0], [83645.0, 4500.0], [83632.5, 12010.0], [83630.0, 790.0], [83627.5, 2630.0], [83617.5, 4500.0], [83612.5, 4440.0], [83610.0, 18360.0], [83607.5, 11820.0], [83600.0, 20.0], [83540.0, 4500.0], [83532.5, 20.0], [83475.0, 5490.0], [83472.5, 13800.0], [83470.0, 4500.0]], "asks": [[83675.0, 2630.0], [83692.5, 1350.0], [83695.0, 4500.0], [83697.5, 120.0], [83702.5, 1350.0], [83705.0, 4500.0], [83710.0, 2630.0], [83720.0, 70000.0], [83722.5, 14500.0], [83735.0, 4520.0], [83745.0, 6500.0], [83755.0, 4500.0], [83762.5, 1350.0], [83765.0, 4500.0], [83777.5, 29170.0], [83787.5, 19470.0], [83800.0, 4520.0], [83807.5, 22940.0], [83820.0, 4500.0], [83850.0, 45300.0]]}}}
{"jsonrpc": "2.0", "method": "subscription", "params": {"channel": "book.BTC-7MAR25.none.20.100ms", "data": {"timestamp": 1741083963145, "change_id": 90844376873, "instrument_name": "BTC-7MAR25", "bids": [[83595.0, 7040.0], [83592.5, 18930.0], [83590.0, 6500.0], [83587.5, 780.0], [83585.0, 13170.0], [83582.5, 26120.0], [83580.0, 16650.0], [83577.5, 25160.0], [83575.0, 6870.0], [83572.5, 22890.0], [83565.0, 1950.0], [83562.5, 6500.0], [83552.5, 750.0], [83550.0, 2500.0], [83545.0, 13670.0], [83542.5, 45560.0], [83540.0, 1950.0], [83537.5, 6500.0], [83532.5, 40.0], [83520.0, 1950.0]], "asks": [[83605.0, 1530.0], [83607.5, 5100.0], [83612.5, 120.0], [83617.5, 780.0], [83620.0, 4910.0], [83622.5, 2600.0], [83625.0, 25110.0], [83627.5, 62600.0], [83630.0, 6500.0], [83635.0, 46290.0], [83647.5, 1950.0], [83650.0, 6500.0], [83657.5, 1950.0], [83660.0, 6500.0], [83667.5, 4810.0], [83670.0, 15890.0], [83685.0, 1950.0], [83687.5, 6500.0], [83695.0, 19900.0], [83697.5, 66320.0]]}}}
{"jsonrpc": "2.0", "method": "subscription", "params": {"channel": "book.BTC-14MAR25.none.20.100ms", "data": {"timestamp": 1741083963505, "change_id": 90844377756, "instrument_name": "BTC-14MAR25", "bids": [[83665.0, 3450.0], [83660.0, 11700.0], [83657.5, 7350.0], [83655.0, 30360.0], [83652.5, 19570.0], [83650.0, 2140.0], [83647.5, 2630.0], [83645.0, 4500.0], [83635.0, 3600.0], [83632.5, 12010.0], [83630.0, 790.0], [83627.5, 2630.0], [83620.0, 1350.0], [83617.5, 4500.0], [83612.5, 4440.0], [83610.0, 18360.0], [83607.5, 11820.0], [83600.0, 20.0], [83542.5, 1350.0], [83540.0, 4500.0]], "asks": [[83675.0, 2630.0], [83692.5, 1350.0], [83695.0, 4500.0], [83697.5, 120.0], [83702.5, 1350.0], [83705.0, 4500.0], [83707.5, 790.0], [83710.0, 2630.0], [83717.5, 21000.0], [83720.0, 74350.0], [83722.5, 14500.0], [83732.5, 1360.0], [83735.0, 4520.0], [83742.5, 1950.0], [83745.0, 6500.0], [83752.5, 1350.0], [83755.0, 4500.0], [83762.5, 1350.0], [83765.0, 4500.0], [83775.0, 8750.0]]}}}
