{"jsonrpc": "2.0", "method": "subscription", "params": {"channel": "book.BTC-7FEB25.none.20.100ms", "data": {"timestamp": 1738720924001, "change_id": 86866050507, "instrument_name": "BTC-7FEB25", "bids": [[98097.5, 10.0], [98082.5, 840.0], [98080.0, 4920.0], [98077.5, 7040.0], [98075.0, 120.0], [98070.0, 22840.0], [98067.5, 7000.0], [98065.0, 70000.0], [98062.5, 10000.0], [98060.0, 10.0], [98057.5, 50.0], [98052.5, 7000.0], [98045.0, 100.0], [98040.0, 10.0], [98037.5, 40.0], [98025.0, 2120.0], [98022.5, 7000.0], [98020.0, 50.0], [98010.0, 10.0], [98007.5, 2100.0]], "asks": [[98102.5, 7120.0], [98105.0, 1140.0], [98107.5, 3800.0], [98115.0, 4840.0], [98117.5, 17000.0], [98120.0, 10.0], [98127.5, 25390.0], [98130.0, 85510.0], [98137.5, 2140.0], [98140.0, 7010.0], [98147.5, 2100.0], [98150.0, 7000.0], [98155.0, 40.0], [98157.5, 10.0], [98160.0, 7010.0], [98167.5, 2580.0], [98170.0, 8600.0], [98175.0, 40.0], [98177.5, 2110.0], [98180.0, 7010.0]]}}}
{"jsonrpc": "2.0", "method": "subscription", "params": {"channel": "book.BTC-14FEB25.none.20.100ms", "data": {"timestamp": 1738720924237, "change_id": 86866050825, "instrument_name": "BTC-14FEB25", "bids": [[98175.0, 20.0], [98170.0, 120.0], [98160.0, 5790.0], [98157.5, 15500.0], [98155.0, 1160.0], [98152.5, 3790.0], [98147.5, 1650.0], [98145.0, 5500.0], [98140.0, 3850.0], [98137.5, 7340.0], [98135.0, 5500.0], [98132.5, 50000.0], [98127.5, 1650.0], [98125.0, 5500.0], [98117.5, 20.0], [98112.5, 2250.0], [98110.0, 7500.0], [98100.0, 1660.0], [98097.5, 5520.0], [98090.0, 20.0]], "asks": [[98192.5, 2790.0], [98195.0, 9290.0], [98200.0, 120.0], [98202.5, 1650.0], [98205.0, 5500.0], [98210.0, 4660.0], [98212.5, 10000.0], [98215.0, 5520.0], [98217.5, 23570.0], [98220.0, 78570.0], [98222.5, 1650.0], [98225.0, 5500.0], [98232.5, 1660.0], [98235.0, 5520.0], [98242.5, 1650.0], [98245.0, 5500.0], [98252.5, 1660.0], [98255.0, 5520.0], [98262.5, 1650.0], [98265.0, 5500.0]]}}}
{"jsonrpc": "2.0", "method": "subscription", "params": {"channel": "book.BTC-7FEB25.none.20.100ms", "data": {"timestamp": 1738720924352, "change_id": 86866051131, "instrument_name": "BTC-7FEB25", "bids": [[98097.5, 10.0], [98082.5, 840.0], [98080.0, 4920.0], [98077.5, 7040.0], [98075.0, 120.0], [98070.0, 22840.0], [98067.5, 10800.0], [98065.0, 70000.0], [98062.5, 10000.0], [98060.0, 10.0], [98057.5, 50.0], [98052.5, 7000.0], [98045.0, 100.0], [98040.0, 10.0], [98037.5, 40.0], [98025.0, 2120.0], [98022.5, 7000.0], [98020.0, 50.0], [98010.0, 10.0], [98007.5, 2100.0]], "asks": [[98102.5, 17120.0], [98105.0, 1140.0], [98107.5, 3800.0], [98115.0, 2100.0], [98117.5, 7000.0], [98120.0, 10.0], [98127.5, 25390.0], [98130.0, 85510.0], [98137.5, 2140.0], [98140.0, 7010.0], [98147.5, 2100.0], [98150.0, 7000.0], [98155.0, 40.0], [98157.5, 10.0], [98160.0, 7010.0], [98167.5, 2580.0], [98170.0, 8600.0], [98175.0, 40.0], [98177.5, 2110.0], [98180.0, 7010.0]]}}}
{"jsonrpc": "2.0", "method": "subscription", "params": {"channel": "book.BTC-14FEB25.none.20.100ms", "data": {"timestamp": 1738720924575, "change_id": 86866051458, "instrument_name": "BTC-14FEB25", "bids": [[98175.0, 20.0], [98170.0, 1770.0], [98167.5, 5500.0], [98160.0, 5790.0], [98157.5, 15500.0], [98155.0, 1160.0], [98152.5, 3790.0], [98147.5, 1650.0], [98145.0, 5500.0], [98140.0, 3850.0], [98137.5, 7340.0], [98135.0, 5500.0], [98132.5, 50000.0], [98127.5, 1650.0], [98125.0, 5500.0], [98117.5, 20.0], [98112.5, 2250.0], [98110.0, 7500.0], [98100.0, 1660.0], [98097.5, 5520.0]], "asks": [[98190.0, 2790.0], [98192.5, 5500.0], [98195.0, 3790.0], [98200.0, 120.0], [98202.5, 1650.0], [98205.0, 5500.0], [98210.0, 4660.0], [98212.5, 10000.0], [98215.0, 5520.0], [98217.5, 23570.0], [98220.0, 78570.0], [98222.5, 1650.0], [98225.0, 5500.0], [98232.5, 1660.0], [98235.0, 5520.0], [98242.5, 1650.0], [98245.0, 5500.0], [98252.5, 1660.0], [98255.0, 5520.0], [98262.5, 1650.0]]}}}
{"jsonrpc": "2.0", "method": "subscription", "params": {"channel": "book.BTC-7FEB25.none.20.100ms", "data": {"timestamp": 1738720924369, "change_id": 86866051157, "instrument_name": "BTC-7FEB25", "bids": [[98097.5, 10.0], [98082.5, 840.0], [98080.0, 4920.0], [98077.5, 7040.0], [98075.0, 120.0], [98070.0, 22840.0], [98067.5, 10800.0], [98065.0, 70000.0], [98062.5, 10000.0], [98060.0, 10.0], [98057.5, 50.0], [98052.5, 7000.0], [98045.0, 100.0], [98040.0, 10.0], [98037.5, 40.0], [98025.0, 2120.0], [98022.5, 7000.0], [98020.0, 50.0], [98010.0, 10.0], [98007.5, 2100.0]], "asks": [[98102.5, 7120.0], [98105.0, 1140.0], [98107.5, 3800.0], [98115.0, 4840.0], [98117.5, 7000.0], [98120.0, 10010.0], [98127.5, 25390.0], [98130.0, 85510.0], [98137.5, 2140.0], [98140.0, 7010.0], [98147.5, 2100.0], [98150.0, 7000.0], [98155.0, 40.0], [98157.5, 10.0], [98160.0, 7010.0], [98167.5, 2580.0], [98170.0, 8600.0], [98175.0, 40.0], [98177.5, 2110.0], [98180.0, 7010.0]]}}}
{"jsonrpc": "2.0", "method": "subscription", "params": {"channel": "book.BTC-14FEB25.none.20.100ms", "data": {"timestamp": 1738720924997, "change_id": 86866051948, "instrument_name": "BTC-14FEB25", "bids": [[98175.0, 20.0], [98170.0, 1770.0], [98167.5, 5500.0], [98160.0, 5790.0], [98157.5, 15500.0], [98155.0, 16010.0], [98152.5, 3790.0], [98150.0, 61950.0], [98147.5, 34320.0], [98145.0, 5500.0], [98140.0, 3850.0], [98137.5, 7340.0], [98135.0, 5500.0], [98127.5, 1650.0], [98125.0, 5500.0], [98117.5, 20.0], [98112.5, 2250.0], [98110.0, 7500.0], [98100.0, 1660.0], [98097.5, 5520.0]], "asks": [[98190.0, 2790.0], [98192.5, 5500.0], [98195.0, 3790.0], [98200.0, 120.0], [98202.5, 1650.0], [98205.0, 5500.0], [98210.0, 4660.0], [98212.5, 10000.0], [98215.0, 5520.0], [98217.5, 23570.0], [98220.0, 78570.0], [98222.5, 1650.0], [98225.0, 5500.0], [98232.5, 1660.0], [98235.0, 5520.0], [98242.5, 1650.0], [98245.0, 5500.0], [98252.5, 1660.0], [98255.0, 5520.0], [98262.5, 1650.0]]}}}
{"jsonrpc": "2.0", "method": "subscription", "params": {"channel": "book.BTC-7FEB25.none.20.100ms", "data": {"timestamp": 1738720924972, "change_id": 86866051857, "instrument_name": "BTC-7FEB25", "bids": [[98097.5, 10.0], [98082.5, 840.0], [98080.0, 4920.0], [98077.5, 7040.0], [98075.0, 120.0], [98070.0, 22840.0], [98067.5, 10800.0], [98065.0, 73000.0], [98062.5, 10000.0], [98060.0, 10.0], [98057.5, 50.0], [98052.5, 7000.0], [98045.0, 100.0], [98040.0, 10.0], [98037.5, 40.0], [98025.0, 2120.0], [98022.5, 7000.0], [98020.0, 50.0], [98010.0, 10.0], [98007.5, 2100.0]], "asks": [[98102.5, 17120.0], [98105.0, 1140.0], [98107.5, 3800.0], [98115.0, 2100.0], [98117.5, 7000.0], [98120.0, 10.0], [98127.5, 25390.0], [98130.0, 85510.0], [98137.5, 2140.0], [98140.0, 7010.0], [98147.5, 2100.0], [98150.0, 7000.0], [98155.0, 40.0], [98157.5, 2110.0], [98160.0, 7010.0], [98167.5, 2580.0], [98170.0, 8600.0], [98175.0, 40.0], [98177.5, 2110.0], [98180.0, 7010.0]]}}}
{"jsonrpc": "2.0", "method": "subscription", "params": {"channel": "book.BTC-7FEB25.none.20.100ms", "data": {"timestamp": 1738720925784, "change_id": 86866052870, "instrument_name": "BTC-7FEB25", "bids": [[98097.5, 10.0], [98082.5, 840.0], [98080.0, 4920.0], [98077.5, 7040.0], [98075.0, 120.0], [98070.0, 22840.0], [98067.5, 10800.0], [98065.0, 73000.0], [98062.5, 10000.0], [98060.0, 10.0], [98057.5, 50.0], [98052.5, 7000.0], [98045.0, 100.0], [98040.0, 10.0], [98037.5, 40.0], [98025.0, 2120.0], [98022.5, 7000.0], [98020.0, 50.0], [98010.0, 10.0], [98007.5, 2100.0]], "asks": [[98102.5, 17120.0], [98105.0, 1140.0], [98107.5, 3800.0], [98115.0, 2100.0], [98117.5, 7000.0], [98120.0, 10.0], [98127.5, 25390.0], [98130.0, 85510.0], [98137.5, 2140.0], [98140.0, 7010.0], [98147.5, 2100.0], [98150.0, 7000.0], [98155.0, 40.0], [98157.5, 2110.0], [98160.0, 7010.0], [98167.5, 2580.0], [98170.0, 8600.0], [98175.0, 40.0], [98177.5, 2110.0], [98180.0, 7010.0]]}}}
{"jsonrpc": "2.0", "method": "subscription", "params": {"channel": "book.BTC-14FEB25.none.20.100ms", "data": {"timestamp": 1738720926340, "change_id": 86866053716, "instrument_name": "BTC-14FEB25", "bids": [[98175.0, 20.0], [98170.0, 120.0], [98160.0, 5790.0], [98157.5, 15500.0], [98155.0, 16010.0], [98152.5, 3790.0], [98150.0, 61950.0], [98147.5, 34320.0], [98145.0, 5500.0], [98140.0, 8980.0], [98137.5, 20.0], [98135.0, 5500.0], [98127.5, 1650.0], [98125.0, 5500.0], [98117.5, 20.0], [98112.5, 2250.0], [98110.0, 7500.0], [98100.0, 1660.0], [98097.5, 5520.0], [98090.0, 20.0]], "asks": [[98180.0, 1650.0], [98182.5, 5500.0], [98190.0, 2790.0], [98192.5, 5500.0], [98195.0, 3790.0], [98200.0, 120.0], [98202.5, 1650.0], [98205.0, 5500.0], [98210.0, 4660.0], [98212.5, 10000.0], [98215.0, 5520.0], [98217.5, 23570.0], [98220.0, 78570.0], [98222.5, 1650.0], [98225.0, 5500.0], [98232.5, 1660.0], [98235.0, 5520.0], [98242.5, 1650.0], [98245.0, 5500.0], [98252.5, 1660.0]]}}}
{"jsonrpc": "2.0", "method": "subscription", "params": {"channel": "book.BTC-7FEB25.none.20.100ms", "data": {"timestamp": 1738720926174, "change_id": 86866053381, "instrument_name": "BTC-7FEB25", "bids": [[98097.5, 10.0], [98080.0, 2120.0], [98077.5, 7040.0], [98075.0, 120.0], [98070.0, 2100.0], [98067.5, 10800.0], [98065.0, 3000.0], [98062.5, 80000.0], [98060.0, 10.0], [98057.5, 50.0], [98055.0, 2100.0], [98052.5, 7000.0], [98045.0, 100.0], [98040.0, 10.0], [98037.5, 40.0], [98025.0, 2120.0], [98022.5, 7000.0], [98020.0, 50.0], [98010.0, 10.0], [98007.5, 2100.0]], "asks": [[98102.5, 17120.0], [98105.0, 1140.0], [98107.5, 3800.0], [98115.0, 2100.0], [98117.5, 7000.0], [98120.0, 10.0], [98127.5, 25390.0], [98130.0, 85510.0], [98137.5, 2140.0], [98140.0, 7010.0], [98147.5, 2100.0], [98150.0, 7000.0], [98155.0, 40.0], [98157.5, 2110.0], [98160.0, 7010.0], [98167.5, 2580.0], [98170.0, 8600.0], [98175.0, 40.0], [98177.5, 2110.0], [98180.0, 7010.0]]}}}
{"jsonrpc": "2.0", "method": "subscription", "params": {"channel": "book.BTC-14FEB25.none.20.100ms", "data": {"timestamp": 1738720926515, "change_id": 86866053951, "instrument_name": "BTC-14FEB25", "bids": [[98175.0, 20.0], [98170.0, 120.0], [98160.0, 5790.0], [98157.5, 15500.0], [98155.0, 16010.0], [98152.5, 3790.0], [98150.0, 61950.0], [98147.5, 34320.0], [98145.0, 5500.0], [98140.0, 8980.0], [98137.5, 20.0], [98135.0, 5500.0], [98127.5, 1650.0], [98125.0, 5500.0], [98117.5, 20.0], [98112.5, 2250.0], [98110.0, 7500.0], [98100.0, 1660.0], [98097.5, 5520.0], [98090.0, 20.0]], "asks": [[98190.0, 2790.0], [98192.5, 5500.0], [98195.0, 3790.0], [98200.0, 120.0], [98202.5, 1650.0], [98205.0, 5500.0], [98210.0, 4660.0], [98212.5, 10000.0], [98215.0, 5520.0], [98217.5, 23570.0], [98220.0, 78570.0], [98222.5, 1650.0], [98225.0, 5500.0], [98232.5, 1660.0], [98235.0, 5520.0], [98242.5, 1650.0], [98245.0, 5500.0], [98252.5, 1660.0], [98255.0, 5520.0], [98262.5, 1650.0]]}}}
{"jsonrpc": "2.0", "method": "subscription", "params": {"channel": "book.BTC-7FEB25.none.20.100ms", "data": {"timestamp": 1738720926588, "change_id": 86866054005, "instrument_name": "BTC-7FEB25", "bids": [[98097.5, 10.0], [98080.0, 6450.0], [98077.5, 22220.0], [98075.0, 120.0], [98070.0, 2100.0], [98067.5, 10800.0], [98065.0, 3000.0], [98062.5, 80000.0], [98060.0, 10.0], [98057.5, 50.0], [98055.0, 2100.0], [98052.5, 7000.0], [98045.0, 100.0], [98040.0, 10.0], [98037.5, 40.0], [98025.0, 2120.0], [98022.5, 7000.0], [98020.0, 50.0], [98010.0, 10.0], [98007.5, 2100.0]], "asks": [[98102.5, 17120.0], [98105.0, 1140.0], [98107.5, 3800.0], [98115.0, 2100.0], [98117.5, 7000.0], [98120.0, 10.0], [98127.5, 25390.0], [98130.0, 85510.0], [98137.5, 2140.0], [98140.0, 7010.0], [98147.5, 2100.0], [98150.0, 7000.0], [98155.0, 40.0], [98157.5, 2110.0], [98160.0, 7010.0], [98167.5, 2580.0], [98170.0, 8600.0], [98175.0, 40.0], [98177.5, 2110.0], [98180.0, 7010.0]]}}}
{"jsonrpc": "2.0", "method": "subscription", "params": {"channel": "book.BTC-14FEB25.none.20.100ms", "data": {"timestamp": 1738720927001, "change_id": 86866054640, "instrument_name": "BTC-14FEB25", "bids": [[98177.5, 1660.0], [98175.0, 5520.0], [98170.0, 120.0], [98165.0, 390.0], [98162.5, 1300.0], [98160.0, 5790.0], [98157.5, 15500.0], [98155.0, 20.0], [98152.5, 53790.0], [98150.0, 11950.0], [98147.5, 34320.0], [98145.0, 5500.0], [98140.0, 8980.0], [98137.5, 20.0], [98135.0, 5500.0], [98127.5, 1650.0], [98125.0, 5500.0], [98117.5, 20.0], [98112.5, 2250.0], [98110.0, 7500.0]], "asks": [[98190.0, 1140.0], [98192.5, 3790.0], [98197.5, 3040.0], [98200.0, 10120.0], [98202.5, 1650.0], [98205.0, 5500.0], [98210.0, 1660.0], [98215.0, 5520.0], [98217.5, 23570.0], [98220.0, 78570.0], [98222.5, 1650.0], [98225.0, 5500.0], [98232.5, 1660.0], [98235.0, 5520.0], [98242.5, 1650.0], [98245.0, 5500.0], [98252.5, 1660.0], [98255.0, 5520.0], [98262.5, 1650.0], [98265.0, 5500.0]]}}}
{"jsonrpc": "2.0", "method": "subscription", "params": {"channel": "book.BTC-7FEB25.none.20.100ms", "data": {"timestamp": 1738720926985, "change_id": 86866054537, "instrument_name": "BTC-7FEB25", "bids": [[98097.5, 10.0], [98085.0, 840.0], [98082.5, 2800.0], [98080.0, 6450.0], [98077.5, 22220.0], [98075.0, 120.0], [98070.0, 2100.0], [98067.5, 10800.0], [98065.0, 73000.0], [98062.5, 10000.0], [98060.0, 10.0], [98057.5, 50.0], [98055.0, 2100.0], [98052.5, 7000.0], [98045.0, 100.0], [98040.0, 10.0], [98037.5, 40.0], [98025.0, 2120.0], [98022.5, 7000.0], [98020.0, 50.0]], "asks": [[98102.5, 7120.0], [98105.0, 1140.0], [98107.5, 3800.0], [98112.5, 3000.0], [98115.0, 12100.0], [98117.5, 7000.0], [98120.0, 10.0], [98127.5, 25390.0], [98130.0, 85510.0], [98137.5, 2140.0], [98140.0, 7010.0], [98142.5, 20.0], [98147.5, 2100.0], [98150.0, 7000.0], [98155.0, 40.0], [98157.5, 2110.0], [98160.0, 7010.0], [98167.5, 2580.0], [98170.0, 8600.0], [98175.0, 40.0]]}}}
{"jsonrpc": "2.0", "method": "subscription", "params": {"channel": "book.BTC-14FEB25.none.20.100ms", "data": {"timestamp": 1738720927064, "change_id": 86866054687, "instrument_name": "BTC-14FEB25", "bids": [[98175.0, 20.0], [98170.0, 120.0], [98165.0, 390.0], [98162.5, 1300.0], [98160.0, 5790.0], [98157.5, 15500.0], [98155.0, 1160.0], [98152.5, 3790.0], [98150.0, 11950.0], [98147.5, 84320.0], [98145.0, 5500.0], [98140.0, 8980.0], [98137.5, 20.0], [98135.0, 5500.0], [98127.5, 1650.0], [98125.0, 5500.0], [98117.5, 20.0], [98112.5, 2250.0], [98110.0, 7500.0], [98100.0, 1660.0]], "asks": [[98187.5, 1650.0], [98190.0, 6640.0], [98192.5, 3790.0], [98197.5, 3040.0], [98200.0, 10120.0], [98202.5, 1650.0], [98205.0, 5500.0], [98210.0, 1660.0], [98215.0, 5520.0], [98217.5, 23570.0], [98220.0, 78570.0], [98222.5, 1650.0], [98225.0, 5500.0], [98232.5, 1660.0], [98235.0, 5520.0], [98242.5, 1650.0], [98245.0, 5500.0], [98252.5, 1660.0], [98255.0, 5520.0], [98262.5, 1650.0]]}}}
{"jsonrpc": "2.0", "method": "subscription", "params": {"channel": "book.BTC-7FEB25.none.20.100ms", "data": {"timestamp": 1738720927251, "change_id": 86866054831, "instrument_name": "BTC-7FEB25", "bids": [[98097.5, 10.0], [98085.0, 840.0], [98082.5, 2800.0], [98080.0, 6450.0], [98077.5, 22220.0], [98075.0, 120.0], [98070.0, 23980.0], [98067.5, 10800.0], [98065.0, 73000.0], [98062.5, 10000.0], [98060.0, 10.0], [98057.5, 50.0], [98055.0, 2100.0], [98052.5, 7000.0], [98045.0, 100.0], [98040.0, 10.0], [98037.5, 40.0], [98025.0, 2120.0], [98022.5, 7000.0], [98020.0, 50.0]], "asks": [[98102.5, 17120.0], [98105.0, 1140.0], [98107.5, 3800.0], [98115.0, 2100.0], [98117.5, 7000.0], [98120.0, 10.0], [98127.5, 25390.0], [98130.0, 85510.0], [98137.5, 2140.0], [98140.0, 7010.0], [98142.5, 20.0], [98147.5, 2100.0], [98150.0, 7000.0], [98155.0, 40.0], [98157.5, 2110.0], [98160.0, 7010.0], [98167.5, 2580.0], [98170.0, 8600.0], [98175.0, 40.0], [98177.5, 2110.0]]}}}
{"jsonrpc": "2.0", "method": "subscription", "params": {"channel": "book.BTC-7FEB25.none.20.100ms", "data": {"timestamp": 1738720927512, "change_id": 86866055241, "instrument_name": "BTC-7FEB25", "bids": [[98097.5, 10.0], [98080.0, 6450.0], [98077.5, 22220.0], [98075.0, 120.0], [98070.0, 23980.0], [98067.5, 10800.0], [98065.0, 73000.0], [98062.5, 10000.0], [98060.0, 10.0], [98057.5, 50.0], [98055.0, 2100.0], [98052.5, 7000.0], [98045.0, 100.0], [98040.0, 10.0], [98037.5, 40.0], [98025.0, 2120.0], [98022.5, 7000.0], [98020.0, 50.0], [98010.0, 10.0], [98007.5, 2100.0]], "asks": [[98102.5, 17120.0], [98105.0, 1140.0], [98107.5, 3800.0], [98115.0, 2100.0], [98117.5, 7000.0], [98120.0, 10.0], [98127.5, 25390.0], [98130.0, 85510.0], [98137.5, 2140.0], [98140.0, 7010.0], [98142.5, 20.0], [98147.5, 2100.0], [98150.0, 7000.0], [98155.0, 40.0], [98157.5, 2110.0], [98160.0, 7010.0], [98167.5, 2580.0], [98170.0, 8600.0], [98175.0, 40.0], [98177.5, 2110.0]]}}}
{"jsonrpc": "2.0", "method": "subscription", "params": {"channel": "book.BTC-7FEB25.none.20.100ms", "data": {"timestamp": 1738720927900, "change_id": 86866055546, "instrument_name": "BTC-7FEB25", "bids": [[98097.5, 10.0], [98080.0, 6450.0], [98077.5, 22220.0], [98075.0, 120.0], [98070.0, 2100.0], [98067.5, 10800.0], [98065.0, 3000.0], [98062.5, 80000.0], [98060.0, 10.0], [98057.5, 50.0], [98055.0, 2100.0], [98052.5, 7000.0], [98045.0, 100.0], [98040.0, 10.0], [98037.5, 40.0], [98025.0, 2120.0], [98022.5, 7000.0], [98020.0, 50.0], [98010.0, 10.0], [98007.5, 2100.0]], "asks": [[98102.5, 17120.0], [98105.0, 1140.0], [98107.5, 3800.0], [98115.0, 2100.0], [98117.5, 7000.0], [98120.0, 10.0], [98127.5, 25390.0], [98130.0, 85510.0], [98137.5, 2140.0], [98140.0, 7010.0], [98142.5, 20.0], [98147.5, 2100.0], [98150.0, 7000.0], [98155.0, 40.0], [98157.5, 2110.0], [98160.0, 7010.0], [98167.5, 2580.0], [98170.0, 8600.0], [98175.0, 40.0], [98177.5, 2110.0]]}}}
{"jsonrpc": "2.0", "method": "subscription", "params": {"channel": "book.BTC-14FEB25.none.20.100ms", "data": {"timestamp": 1738720928159, "change_id": 86866055877, "instrument_name": "BTC-14FEB25", "bids": [[98175.0, 20.0], [98170.0, 120.0], [98165.0, 390.0], [98162.5, 1300.0], [98160.0, 5790.0], [98157.5, 15500.0], [98155.0, 16010.0], [98152.5, 53790.0], [98150.0, 11950.0], [98147.5, 34320.0], [98145.0, 5500.0], [98140.0, 8980.0], [98137.5, 20.0], [98135.0, 5500.0], [98127.5, 1650.0], [98125.0, 5500.0], [98117.5, 20.0], [98112.5, 2250.0], [98110.0, 7500.0], [98100.0, 1660.0]], "asks": [[98187.5, 1650.0], [98190.0, 6640.0], [98192.5, 3790.0], [98197.5, 3040.0], [98200.0, 10120.0], [98202.5, 1650.0], [98205.0, 5500.0], [98210.0, 1660.0], [98215.0, 5520.0], [98217.5, 23570.0], [98220.0, 78570.0], [98222.5, 1650.0], [98225.0, 5500.0], [98232.5, 1660.0], [98235.0, 5520.0], [98242.5, 1650.0], [98245.0, 5500.0], [98252.5, 1660.0], [98255.0, 5520.0], [98262.5, 1650.0]]}}}
{"jsonrpc": "2.0", "method": "subscription", "params": {"channel": "book.BTC-7FEB25.none.20.100ms", "data": {"timestamp": 1738720928097, "change_id": 86866055797, "instrument_name": "BTC-7FEB25", "bids": [[98097.5, 10.0], [98080.0, 6450.0], [98077.5, 22220.0], [98075.0, 120.0], [98070.0, 2100.0], [98067.5, 10800.0], [98065.0, 3000.0], [98062.5, 80000.0], [98060.0, 10.0], [98057.5, 50.0], [98055.0, 2100.0], [98052.5, 7000.0], [98045.0, 100.0], [98042.5, 20.0], [98040.0, 10.0], [98037.5, 40.0], [98025.0, 2120.0], [98022.5, 7000.0], [98020.0, 50.0], [98010.0, 10.0]], "asks": [[98102.5, 17120.0], [98105.0, 1140.0], [98107.5, 3800.0], [98115.0, 2100.0], [98117.5, 7000.0], [98120.0, 10.0], [98127.5, 25390.0], [98130.0, 85510.0], [98137.5, 2140.0], [98140.0, 7010.0], [98142.5, 20.0], [98147.5, 2100.0], [98150.0, 7000.0], [98155.0, 40.0], [98157.5, 2110.0], [98160.0, 7010.0], [98167.5, 2580.0], [98170.0, 8600.0], [98175.0, 40.0], [98177.5, 2110.0]]}}}
{"jsonrpc": "2.0", "method": "subscription", "params": {"channel": "book.BTC-7FEB25.none.20.100ms", "data": {"timestamp": 1738720928561, "change_id": 86866056404, "instrument_name": "BTC-7FEB25", "bids": [[98097.5, 10.0], [98080.0, 6450.0], [98077.5, 22220.0], [98075.0, 120.0], [98070.0, 2100.0], [98067.5, 10800.0], [98065.0, 37630.0], [98062.5, 60000.0], [98060.0, 10.0], [98057.5, 50.0], [98055.0, 2100.0], [98052.5, 7000.0], [98045.0, 100.0], [98042.5, 20.0], [98040.0, 10.0], [98037.5, 40.0], [98025.0, 2120.0], [98022.5, 7000.0], [98020.0, 50.0], [98010.0, 10.0]], "asks": [[98102.5, 17120.0], [98105.0, 1140.0], [98107.5, 3800.0], [98115.0, 2100.0], [98117.5, 7000.0], [98120.0, 10.0], [98127.5, 25390.0], [98130.0, 85510.0], [98137.5, 2140.0], [98140.0, 7010.0], [98142.5, 20.0], [98147.5, 2100.0], [98150.0, 7000.0], [98155.0, 40.0], [98157.5, 2110.0], [98160.0, 7010.0], [98167.5, 2580.0], [98170.0, 8600.0], [98175.0, 40.0], [98177.5, 2110.0]]}}}
{"jsonrpc": "2.0", "method": "subscription", "params": {"channel": "book.BTC-14FEB25.none.20.100ms", "data": {"timestamp": 1738720928797, "change_id": 86866056600, "instrument_name": "BTC-14FEB25", "bids": [[98175.0, 20.0], [98170.0, 120.0], [98165.0, 390.0], [98162.5, 1300.0], [98160.0, 5790.0], [98157.5, 15500.0], [98155.0, 16010.0], [98152.5, 53790.0], [98150.0, 11950.0], [98147.5, 34320.0], [98145.0, 5500.0], [98140.0, 8980.0], [98137.5, 20.0], [98135.0, 5500.0], [98127.5, 1650.0], [98125.0, 5500.0], [98117.5, 20.0], [98112.5, 2250.0], [98110.0, 7500.0], [98100.0, 1660.0]], "asks": [[98187.5, 1650.0], [98190.0, 6640.0], [98192.5, 3790.0], [98197.5, 3040.0], [98200.0, 10120.0], [98202.5, 1650.0], [98205.0, 5500.0], [98210.0, 1660.0], [98215.0, 5520.0], [98217.5, 23570.0], [98220.0, 78570.0], [98222.5, 1650.0], [98225.0, 5500.0], [98232.5, 1660.0], [98235.0, 5520.0], [98242.5, 1650.0], [98245.0, 5500.0], [98252.5, 1660.0], [98255.0, 5520.0], [98262.5, 1650.0]]}}}
{"jsonrpc": "2.0", "method": "subscription", "params": {"channel": "book.BTC-14FEB25.none.20.100ms", "data": {"timestamp": 1738720929272, "change_id": 86866057455, "instrument_name": "BTC-14FEB25", "bids": [[98175.0, 20.0], [98160.0, 3040.0], [98157.5, 10120.0], [98155.0, 20.0], [98147.5, 1650.0], [98145.0, 5500.0], [98142.5, 3330.0], [98140.0, 11110.0], [98137.5, 20.0], [98135.0, 5500.0], [98125.0, 5500.0], [98122.5, 50000.0], [98117.5, 20.0], [98112.5, 2250.0], [98110.0, 7500.0], [98100.0, 1660.0], [98097.5, 5520.0], [98090.0, 20.0], [98085.0, 5500.0], [98077.5, 20.0]], "asks": [[98180.0, 6640.0], [98182.5, 3790.0], [98187.5, 1690.0], [98190.0, 5620.0], [98197.5, 3040.0], [98200.0, 10000.0], [98202.5, 1650.0], [98205.0, 5500.0], [98212.5, 1660.0], [98215.0, 5520.0], [98217.5, 23570.0], [98220.0, 78570.0], [98222.5, 1650.0], [98225.0, 5500.0], [98232.5, 1660.0], [98235.0, 5520.0], [98242.5, 1650.0], [98245.0, 5500.0], [98255.0, 5520.0], [98262.5, 1650.0]]}}}
{"jsonrpc": "2.0", "method": "subscription", "params": {"channel": "book.BTC-7FEB25.none.20.100ms", "data": {"timestamp": 1738720929266, "change_id": 86866057444, "instrument_name": "BTC-7FEB25", "bids": [[98097.5, 10.0], [98080.0, 10.0], [98077.5, 15220.0], [98070.0, 8980.0], [98067.5, 7000.0], [98065.0, 37630.0], [98062.5, 60120.0], [98060.0, 10.0], [98057.5, 50.0], [98055.0, 2100.0], [98052.5, 10800.0], [98045.0, 100.0], [98042.5, 20.0], [98040.0, 10.0], [98037.5, 40.0], [98025.0, 2120.0], [98022.5, 7000.0], [98020.0, 50.0], [98010.0, 10.0], [98007.5, 2100.0]], "asks": [[98100.0, 24000.0], [98102.5, 7120.0], [98105.0, 7000.0], [98107.5, 23800.0], [98115.0, 2100.0], [98117.5, 7000.0], [98120.0, 10.0], [98127.5, 25390.0], [98130.0, 85510.0], [98137.5, 2140.0], [98140.0, 7010.0], [98142.5, 20.0], [98147.5, 2100.0], [98150.0, 7000.0], [98155.0, 40.0], [98157.5, 2110.0], [98160.0, 7010.0], [98167.5, 2580.0], [98170.0, 8600.0], [98175.0, 40.0]]}}}
{"jsonrpc": "2.0", "method": "subscription", "params": {"channel": "book.BTC-14FEB25.none.20.100ms", "data": {"timestamp": 1738720929500, "change_id": 86866058073, "instrument_name": "BTC-14FEB25", "bids": [[98175.0, 20.0], [98160.0, 1270.0], [98157.5, 120.0], [98155.0, 5520.0], [98150.0, 6360.0], [98147.5, 7320.0], [98145.0, 15500.0], [98142.5, 1140.0], [98140.0, 3790.0], [98137.5, 1670.0], [98135.0, 5500.0], [98125.0, 5500.0], [98122.5, 50000.0], [98117.5, 20.0], [98112.5, 2250.0], [98110.0, 7500.0], [98100.0, 1660.0], [98097.5, 5520.0], [98090.0, 20.0], [98085.0, 5500.0]], "asks": [[98180.0, 1140.0], [98182.5, 3790.0], [98187.5, 1690.0], [98190.0, 5620.0], [98197.5, 3040.0], [98200.0, 10000.0], [98202.5, 1650.0], [98205.0, 5500.0], [98212.5, 1660.0], [98215.0, 5520.0], [98217.5, 23570.0], [98220.0, 78570.0], [98222.5, 1650.0], [98225.0, 5500.0], [98232.5, 1660.0], [98235.0, 5520.0], [98242.5, 1650.0], [98245.0, 5500.0], [98255.0, 5520.0], [98262.5, 1650.0]]}}}
{"jsonrpc": "2.0", "method": "subscription", "params": {"channel": "book.BTC-7FEB25.none.20.100ms", "data": {"timestamp": 1738720929592, "change_id": 86866058253, "instrument_name": "BTC-7FEB25", "bids": [[98097.5, 10.0], [98080.0, 2120.0], [98077.5, 7040.0], [98070.0, 8980.0], [98067.5, 22180.0], [98065.0, 37630.0], [98062.5, 50120.0], [98060.0, 10.0], [98057.5, 50.0], [98055.0, 2980.0], [98052.5, 10800.0], [98050.0, 10000.0], [98045.0, 100.0], [98042.5, 20.0], [98040.0, 10.0], [98037.5, 40.0], [98025.0, 2120.0], [98022.5, 7000.0], [98020.0, 50.0], [98010.0, 10.0]], "asks": [[98100.0, 17000.0], [98102.5, 7120.0], [98105.0, 7000.0], [98107.5, 23800.0], [98115.0, 2100.0], [98117.5, 7000.0], [98120.0, 10.0], [98127.5, 25390.0], [98130.0, 85510.0], [98137.5, 2140.0], [98140.0, 7010.0], [98142.5, 20.0], [98147.5, 2100.0], [98150.0, 7000.0], [98155.0, 40.0], [98157.5, 2110.0], [98160.0, 7010.0], [98167.5, 2580.0], [98170.0, 8600.0], [98175.0, 40.0]]}}}
{"jsonrpc": "2.0", "method": "subscription", "params": {"channel": "book.BTC-14FEB25.none.20.100ms", "data": {"timestamp": 1738720929711, "change_id": 86866058350, "instrument_name": "BTC-14FEB25", "bids": [[98175.0, 20.0], [98165.0, 390.0], [98162.5, 1300.0], [98160.0, 1270.0], [98157.5, 120.0], [98155.0, 5520.0], [98150.0, 6360.0], [98147.5, 7320.0], [98145.0, 15500.0], [98142.5, 1140.0], [98140.0, 3790.0], [98137.5, 1670.0], [98135.0, 5500.0], [98125.0, 5500.0], [98122.5, 50000.0], [98117.5, 20.0], [98112.5, 2250.0], [98110.0, 7500.0], [98100.0, 1660.0], [98097.5, 5520.0]], "asks": [[98180.0, 1140.0], [98182.5, 3790.0], [98187.5, 1690.0], [98190.0, 5620.0], [98197.5, 3040.0], [98200.0, 10000.0], [98202.5, 1650.0], [98205.0, 5500.0], [98212.5, 1660.0], [98215.0, 5520.0], [98222.5, 1650.0], [98225.0, 5500.0], [98232.5, 1660.0], [98235.0, 5520.0], [98242.5, 1650.0], [98245.0, 5500.0], [98255.0, 5520.0], [98262.5, 1650.0], [98265.0, 5500.0], [98272.5, 1660.0]]}}}
{"jsonrpc": "2.0", "method": "subscription", "params": {"channel": "book.BTC-7FEB25.none.20.100ms", "data": {"timestamp": 1738720929879, "change_id": 86866058577, "instrument_name": "BTC-7FEB25", "bids": [[98097.5, 10.0], [98080.0, 2120.0], [98077.5, 7040.0], [98070.0, 6390.0], [98067.5, 22180.0], [98065.0, 17630.0], [98062.5, 70120.0], [98060.0, 10.0], [98057.5, 50.0], [98055.0, 2980.0], [98052.5, 10800.0], [98050.0, 10000.0], [98045.0, 100.0], [98042.5, 20.0], [98040.0, 10.0], [98037.5, 40.0], [98025.0, 2120.0], [98022.5, 7000.0], [98020.0, 50.0], [98010.0, 10.0]], "asks": [[98100.0, 17000.0], [98102.5, 7120.0], [98105.0, 7000.0], [98107.5, 23800.0], [98115.0, 2100.0], [98117.5, 7000.0], [98120.0, 10.0], [98127.5, 2100.0], [98130.0, 7010.0], [98137.5, 2140.0], [98140.0, 7010.0], [98142.5, 20.0], [98147.5, 2100.0], [98150.0, 7000.0], [98155.0, 40.0], [98157.5, 2110.0], [98160.0, 7010.0], [98167.5, 2580.0], [98170.0, 8600.0], [98175.0, 40.0]]}}}
{"jsonrpc": "2.0", "method": "subscription", "params": {"channel": "book.BTC-7FEB25.none.20.100ms", "data": {"timestamp": 1738720930089, "change_id": 86866058792, "instrument_name": "BTC-7FEB25", "bids": [[98097.5, 10.0], [98080.0, 2120.0], [98077.5, 7040.0], [98070.0, 6390.0], [98067.5, 22180.0], [98065.0, 17630.0], [98062.5, 70120.0], [98060.0, 10.0], [98057.5, 50.0], [98055.0, 2980.0], [98052.5, 10800.0], [98050.0, 10000.0], [98045.0, 100.0], [98042.5, 20.0], [98040.0, 10.0], [98037.5, 40.0], [98025.0, 2120.0], [98022.5, 7000.0], [98020.0, 50.0], [98010.0, 10.0]], "asks": [[98100.0, 17000.0], [98102.5, 7120.0], [98105.0, 7000.0], [98107.5, 23800.0], [98115.0, 25390.0], [98117.5, 7000.0], [98120.0, 78500.0], [98127.5, 2100.0], [98130.0, 7010.0], [98137.5, 2140.0], [98140.0, 7010.0], [98142.5, 20.0], [98147.5, 2100.0], [98150.0, 7000.0], [98155.0, 40.0], [98157.5, 2110.0], [98160.0, 7010.0], [98167.5, 2580.0], [98170.0, 8600.0], [98175.0, 40.0]]}}}
{"jsonrpc": "2.0", "method": "subscription", "params": {"channel": "book.BTC-14FEB25.none.20.100ms", "data": {"timestamp": 1738720930701, "change_id": 86866059540, "instrument_name": "BTC-14FEB25", "bids": [[98175.0, 20.0], [98165.0, 390.0], [98162.5, 1300.0], [98160.0, 1920.0], [98157.5, 1420.0], [98155.0, 5520.0], [98150.0, 6360.0], [98147.5, 7320.0], [98145.0, 15500.0], [98142.5, 1140.0], [98140.0, 3790.0], [98137.5, 1670.0], [98135.0, 5500.0], [98125.0, 20500.0], [98122.5, 50000.0], [98117.5, 20.0], [98112.5, 2250.0], [98110.0, 7500.0], [98100.0, 1660.0], [98097.5, 5520.0]], "asks": [[98180.0, 2440.0], [98182.5, 3790.0], [98185.0, 1300.0], [98187.5, 1690.0], [98190.0, 5620.0], [98197.5, 3040.0], [98200.0, 10000.0], [98202.5, 1650.0], [98205.0, 5500.0], [98212.5, 1660.0], [98215.0, 5520.0], [98222.5, 1650.0], [98225.0, 5500.0], [98232.5, 1660.0], [98235.0, 5520.0], [98242.5, 1650.0], [98245.0, 5500.0], [98252.5, 1660.0], [98255.0, 5520.0], [98262.5, 1650.0]]}}}
{"jsonrpc": "2.0", "method": "subscription", "params": {"channel": "book.BTC-7FEB25.none.20.100ms", "data": {"timestamp": 1738720931278, "change_id": 86866060037, "instrument_name": "BTC-7FEB25", "bids": [[98097.5, 10.0], [98080.0, 10.0], [98077.5, 7040.0], [98070.0, 6390.0], [98067.5, 22180.0], [98065.0, 17630.0], [98062.5, 70120.0], [98060.0, 10.0], [98057.5, 50.0], [98055.0, 5870.0], [98052.5, 10800.0], [98050.0, 10000.0], [98045.0, 100.0], [98042.5, 20.0], [98040.0, 10.0], [98037.5, 40.0], [98025.0, 2120.0], [98022.5, 7000.0], [98020.0, 50.0], [98010.0, 10.0]], "asks": [[98100.0, 17000.0], [98102.5, 7120.0], [98105.0, 7000.0], [98107.5, 23800.0], [98115.0, 25390.0], [98117.5, 7000.0], [98120.0, 78500.0], [98127.5, 2100.0], [98130.0, 7010.0], [98137.5, 2140.0], [98140.0, 7010.0], [98142.5, 20.0], [98147.5, 2100.0], [98150.0, 7000.0], [98155.0, 40.0], [98157.5, 2110.0], [98160.0, 7010.0], [98167.5, 2580.0], [98170.0, 8600.0], [98175.0, 40.0]]}}}
{"jsonrpc": "2.0", "method": "subscription", "params": {"channel": "book.BTC-14FEB25.none.20.100ms", "data": {"timestamp": 1738720931533, "change_id": 86866060504, "instrument_name": "BTC-14FEB25", "bids": [[98175.0, 20.0], [98165.0, 390.0], [98162.5, 1300.0], [98160.0, 1920.0], [98157.5, 1420.0], [98155.0, 5520.0], [98150.0, 6360.0], [98147.5, 7320.0], [98145.0, 15500.0], [98142.5, 1140.0], [98140.0, 3790.0], [98137.5, 1670.0], [98135.0, 5500.0], [98125.0, 20500.0], [98122.5, 50000.0], [98117.5, 20.0], [98112.5, 2250.0], [98110.0, 7500.0], [98100.0, 1660.0], [98097.5, 5520.0]], "asks": [[98180.0, 7940.0], [98182.5, 3790.0], [98185.0, 1300.0], [98187.5, 1690.0], [98190.0, 5620.0], [98197.5, 3040.0], [98200.0, 10000.0], [98202.5, 1650.0], [98205.0, 5500.0], [98212.5, 1660.0], [98215.0, 5520.0], [98222.5, 1650.0], [98225.0, 5500.0], [98232.5, 1660.0], [98235.0, 5520.0], [98242.5, 1650.0], [98245.0, 5500.0], [98252.5, 1660.0], [98255.0, 5520.0], [98262.5, 1650.0]]}}}
{"jsonrpc": "2.0", "method": "subscription", "params": {"channel": "book.BTC-7FEB25.none.20.100ms", "data": {"timestamp": 1738720931446, "change_id": 86866060364, "instrument_name": "BTC-7FEB25", "bids": [[98097.5, 10.0], [98080.0, 10.0], [98077.5, 40.0], [98070.0, 6390.0], [98067.5, 22180.0], [98065.0, 17630.0], [98062.5, 70120.0], [98060.0, 10.0], [98057.5, 50.0], [98055.0, 5870.0], [98052.5, 10800.0], [98050.0, 10000.0], [98045.0, 100.0], [98042.5, 20.0], [98040.0, 10.0], [98037.5, 40.0], [98025.0, 2120.0], [98022.5, 7000.0], [98020.0, 50.0], [98010.0, 10.0]], "asks": [[98100.0, 17000.0], [98102.5, 7120.0], [98105.0, 7000.0], [98107.5, 23800.0], [98115.0, 25390.0], [98117.5, 7000.0], [98120.0, 78500.0], [98127.5, 2100.0], [98130.0, 7010.0], [98137.5, 2140.0], [98140.0, 7010.0], [98142.5, 20.0], [98147.5, 2100.0], [98150.0, 7000.0], [98155.0, 40.0], [98157.5, 2110.0], [98160.0, 7010.0], [98167.5, 2580.0], [98170.0, 8600.0], [98175.0, 40.0]]}}}
{"jsonrpc": "2.0", "method": "subscription", "params": {"channel": "book.BTC-14FEB25.none.20.100ms", "data": {"timestamp": 1738720931854, "change_id": 86866060773, "instrument_name": "BTC-14FEB25", "bids": [[98175.0, 20.0], [98165.0, 390.0], [98162.5, 1300.0], [98160.0, 1920.0], [98157.5, 1420.0], [98155.0, 5520.0], [98150.0, 6360.0], [98147.5, 7320.0], [98145.0, 15500.0], [98142.5, 1140.0], [98140.0, 3790.0], [98137.5, 1670.0], [98135.0, 5500.0], [98127.5, 1650.0], [98125.0, 20500.0], [98122.5, 50000.0], [98117.5, 20.0], [98112.5, 2250.0], [98110.0, 7500.0], [98100.0, 1660.0]], "asks": [[98180.0, 2440.0], [98182.5, 3790.0], [98185.0, 1300.0], [98187.5, 1690.0], [98190.0, 5620.0], [98197.5, 3040.0], [98200.0, 10000.0], [98202.5, 1650.0], [98205.0, 5500.0], [98212.5, 1660.0], [98215.0, 5520.0], [98222.5, 1650.0], [98225.0, 5500.0], [98232.5, 1660.0], [98235.0, 5520.0], [98242.5, 1650.0], [98245.0, 5500.0], [98252.5, 1660.0], [98255.0, 5520.0], [98262.5, 1650.0]]}}}
{"jsonrpc": "2.0", "method": "subscription", "params": {"channel": "book.BTC-14FEB25.none.20.100ms", "data": {"timestamp": 1738720932267, "change_id": 86866061128, "instrument_name": "BTC-14FEB25", "bids": [[98175.0, 20.0], [98165.0, 390.0], [98162.5, 1300.0], [98160.0, 1920.0], [98157.5, 1420.0], [98155.0, 5520.0], [98150.0, 6360.0], [98147.5, 7320.0], [98145.0, 15500.0], [98142.5, 1140.0], [98140.0, 3790.0], [98137.5, 1670.0], [98135.0, 5500.0], [98127.5, 1650.0], [98125.0, 20500.0], [98122.5, 50000.0], [98117.5, 20.0], [98112.5, 2250.0], [98110.0, 7500.0], [98100.0, 1660.0]], "asks": [[98180.0, 2440.0], [98182.5, 3790.0], [98187.5, 1690.0], [98190.0, 5620.0], [98197.5, 3040.0], [98200.0, 10000.0], [98202.5, 1650.0], [98205.0, 5500.0], [98212.5, 1660.0], [98215.0, 5520.0], [98222.5, 1650.0], [98225.0, 5500.0], [98232.5, 1660.0], [98235.0, 5520.0], [98242.5, 1650.0], [98245.0, 5500.0], [98252.5, 1660.0], [98255.0, 5520.0], [98262.5, 1650.0], [98265.0, 5500.0]]}}}
{"jsonrpc": "2.0", "method": "subscription", "params": {"channel": "book.BTC-14FEB25.none.20.100ms", "data": {"timestamp": 1738720932614, "change_id": 86866061930, "instrument_name": "BTC-14FEB25", "bids": [[98175.0, 20.0], [98165.0, 390.0], [98162.5, 1300.0], [98160.0, 4840.0], [98157.5, 1420.0], [98155.0, 15520.0], [98152.5, 2200.0], [98150.0, 7320.0], [98145.0, 5500.0], [98142.5, 1140.0], [98140.0, 3790.0], [98137.5, 1670.0], [98135.0, 5500.0], [98127.5, 1650.0], [98125.0, 20500.0], [98122.5, 50000.0], [98117.5, 20.0], [98112.5, 2250.0], [98110.0, 7500.0], [98100.0, 1660.0]], "asks": [[98180.0, 2440.0], [98182.5, 3790.0], [98190.0, 1770.0], [98192.5, 5500.0], [98197.5, 3040.0], [98200.0, 10000.0], [98202.5, 1650.0], [98205.0, 5500.0], [98212.5, 1660.0], [98215.0, 5520.0], [98222.5, 1650.0], [98225.0, 5500.0], [98232.5, 1660.0], [98235.0, 5520.0], [98242.5, 1650.0], [98245.0, 5500.0], [98252.5, 1660.0], [98255.0, 5520.0], [98262.5, 1650.0], [98265.0, 5500.0]]}}}
{"jsonrpc": "2.0", "method": "subscription", "params": {"channel": "book.BTC-7FEB25.none.20.100ms", "data": {"timestamp": 1738720932591, "change_id": 86866061832, "instrument_name": "BTC-7FEB25", "bids": [[98097.5, 10.0], [98080.0, 10.0], [98077.5, 40.0], [98072.5, 4550.0], [98070.0, 15180.0], [98067.5, 7000.0], [98065.0, 17630.0], [98062.5, 73920.0], [98060.0, 10010.0], [98057.5, 50.0], [98055.0, 2100.0], [98052.5, 7000.0], [98045.0, 100.0], [98042.5, 20.0], [98040.0, 10.0], [98037.5, 40.0], [98025.0, 2120.0], [98022.5, 7000.0], [98020.0, 50.0], [98010.0, 10.0]], "asks": [[98100.0, 17000.0], [98102.5, 7120.0], [98105.0, 1140.0], [98107.5, 3800.0], [98115.0, 2100.0], [98117.5, 7000.0], [98120.0, 10.0], [98127.5, 2100.0], [98130.0, 7010.0], [98137.5, 2140.0], [98140.0, 7010.0], [98142.5, 20.0], [98147.5, 2100.0], [98150.0, 7000.0], [98155.0, 40.0], [98157.5, 10.0], [98160.0, 7010.0], [98167.5, 2580.0], [98170.0, 8600.0], [98175.0, 40.0]]}}}
{"jsonrpc": "2.0", "method": "subscription", "params": {"channel": "book.BTC-14FEB25.none.20.100ms", "data": {"timestamp": 1738720932846, "change_id": 86866062142, "instrument_name": "BTC-14FEB25", "bids": [[98175.0, 20.0], [98165.0, 390.0], [98162.5, 1300.0], [98160.0, 4840.0], [98157.5, 1420.0], [98155.0, 15520.0], [98152.5, 3060.0], [98150.0, 11110.0], [98145.0, 5500.0], [98137.5, 1670.0], [98135.0, 5500.0], [98127.5, 1650.0], [98125.0, 20500.0], [98122.5, 50000.0], [98117.5, 20.0], [98112.5, 2250.0], [98110.0, 7500.0], [98100.0, 1660.0], [98097.5, 5520.0], [98087.5, 1650.0]], "asks": [[98180.0, 2440.0], [98182.5, 3790.0], [98185.0, 430.0], [98187.5, 1300.0], [98190.0, 1770.0], [98192.5, 5500.0], [98197.5, 3040.0], [98200.0, 10000.0], [98202.5, 1650.0], [98205.0, 5500.0], [98212.5, 1660.0], [98215.0, 5520.0], [98222.5, 1650.0], [98225.0, 5500.0], [98232.5, 1660.0], [98235.0, 5520.0], [98240.0, 20.0], [98242.5, 1650.0], [98245.0, 5500.0], [98252.5, 1660.0]]}}}
{"jsonrpc": "2.0", "method": "subscription", "params": {"channel": "book.BTC-7FEB25.none.20.100ms", "data": {"timestamp": 1738720932920, "change_id": 86866062226, "instrument_name": "BTC-7FEB25", "bids": [[98097.5, 10.0], [98080.0, 10.0], [98077.5, 880.0], [98075.0, 2800.0], [98072.5, 4550.0], [98070.0, 23020.0], [98067.5, 7000.0], [98065.0, 37630.0], [98062.5, 53920.0], [98060.0, 10010.0], [98057.5, 50.0], [98055.0, 2100.0], [98052.5, 7000.0], [98045.0, 100.0], [98042.5, 20.0], [98040.0, 10.0], [98037.5, 40.0], [98025.0, 2120.0], [98022.5, 7000.0], [98020.0, 50.0]], "asks": [[98100.0, 17000.0], [98102.5, 7120.0], [98105.0, 1140.0], [98107.5, 3800.0], [98115.0, 2100.0], [98117.5, 7000.0], [98120.0, 10.0], [98127.5, 2100.0], [98130.0, 7010.0], [98137.5, 2140.0], [98140.0, 7010.0], [98142.5, 20.0], [98147.5, 2100.0], [98150.0, 7000.0], [98155.0, 40.0], [98157.5, 10.0], [98160.0, 7010.0], [98167.5, 2580.0], [98170.0, 8600.0], [98175.0, 40.0]]}}}
{"jsonrpc": "2.0", "method": "subscription", "params": {"channel": "book.BTC-14FEB25.none.20.100ms", "data": {"timestamp": 1738720933282, "change_id": 86866062738, "instrument_name": "BTC-14FEB25", "bids": [[98175.0, 20.0], [98157.5, 120.0], [98155.0, 20.0], [98152.5, 2200.0], [98150.0, 7320.0], [98147.5, 1650.0], [98145.0, 5500.0], [98142.5, 3000.0], [98140.0, 10000.0], [98137.5, 1670.0], [98135.0, 5500.0], [98127.5, 1650.0], [98125.0, 20500.0], [98122.5, 50000.0], [98117.5, 20.0], [98112.5, 2250.0], [98110.0, 7500.0], [98100.0, 1660.0], [98097.5, 5520.0], [98087.5, 1650.0]], "asks": [[98180.0, 7940.0], [98182.5, 3790.0], [98185.0, 430.0], [98187.5, 1300.0], [98190.0, 1770.0], [98192.5, 5500.0], [98197.5, 3040.0], [98200.0, 10000.0], [98202.5, 1650.0], [98205.0, 5500.0], [98212.5, 1660.0], [98215.0, 5520.0], [98222.5, 1650.0], [98225.0, 5500.0], [98232.5, 1660.0], [98235.0, 5520.0], [98240.0, 20.0], [98242.5, 1650.0], [98245.0, 5500.0], [98252.5, 1660.0]]}}}
{"jsonrpc": "2.0", "method": "subscription", "params": {"channel": "book.BTC-7FEB25.none.20.100ms", "data": {"timestamp": 1738720933279, "change_id": 86866062733, "instrument_name": "BTC-7FEB25", "bids": [[98097.5, 10.0], [98087.5, 100.0], [98080.0, 10.0], [98077.5, 40.0], [98070.0, 15180.0], [98067.5, 7000.0], [98065.0, 37630.0], [98062.5, 50120.0], [98060.0, 10.0], [98057.5, 50.0], [98055.0, 2100.0], [98052.5, 7000.0], [98047.5, 10000.0], [98045.0, 100.0], [98042.5, 20.0], [98040.0, 10.0], [98037.5, 40.0], [98025.0, 2120.0], [98022.5, 7000.0], [98020.0, 50.0]], "asks": [[98100.0, 17000.0], [98102.5, 7120.0], [98105.0, 1140.0], [98107.5, 3800.0], [98115.0, 2100.0], [98117.5, 7000.0], [98120.0, 10.0], [98127.5, 2100.0], [98130.0, 7010.0], [98137.5, 2140.0], [98140.0, 7010.0], [98142.5, 20.0], [98147.5, 2100.0], [98150.0, 7000.0], [98155.0, 40.0], [98157.5, 10.0], [98160.0, 7010.0], [98167.5, 2580.0], [98170.0, 8600.0], [98175.0, 40.0]]}}}
{"jsonrpc": "2.0", "method": "subscription", "params": {"channel": "book.BTC-14FEB25.none.20.100ms", "data": {"timestamp": 1738720933600, "change_id": 86866063713, "instrument_name": "BTC-14FEB25", "bids": [[98175.0, 20.0], [98155.0, 20.0], [98147.5, 1650.0], [98145.0, 10820.0], [98142.5, 7320.0], [98140.0, 10000.0], [98137.5, 1670.0], [98135.0, 5500.0], [98130.0, 2790.0], [98127.5, 3790.0], [98125.0, 20500.0], [98122.5, 50000.0], [98117.5, 20.0], [98112.5, 2250.0], [98110.0, 7500.0], [98100.0, 1660.0], [98097.5, 5520.0], [98087.5, 1650.0], [98085.0, 5500.0], [98077.5, 20.0]], "asks": [[98180.0, 18060.0], [98182.5, 3790.0], [98185.0, 430.0], [98187.5, 1300.0], [98190.0, 1650.0], [98192.5, 5500.0], [98202.5, 1650.0], [98205.0, 5500.0], [98212.5, 1660.0], [98215.0, 5520.0], [98222.5, 1650.0], [98225.0, 5500.0], [98232.5, 1660.0], [98235.0, 5520.0], [98240.0, 20.0], [98242.5, 1650.0], [98245.0, 5500.0], [98252.5, 1660.0], [98255.0, 5520.0], [98262.5, 1650.0]]}}}
{"jsonrpc": "2.0", "method": "subscription", "params": {"channel": "book.BTC-7FEB25.none.20.100ms", "data": {"timestamp": 1738720933508, "change_id": 86866063555, "instrument_name": "BTC-7FEB25", "bids": [[98097.5, 10.0], [98087.5, 100.0], [98080.0, 10.0], [98077.5, 40.0], [98070.0, 15180.0], [98067.5, 7000.0], [98065.0, 37630.0], [98062.5, 50000.0], [98060.0, 10.0], [98057.5, 50.0], [98055.0, 2100.0], [98052.5, 7000.0], [98050.0, 4290.0], [98047.5, 10000.0], [98045.0, 3900.0], [98042.5, 20.0], [98040.0, 10.0], [98037.5, 40.0], [98025.0, 2120.0], [98022.5, 7000.0]], "asks": [[98100.0, 17000.0], [98102.5, 7120.0], [98105.0, 7000.0], [98107.5, 23800.0], [98115.0, 2100.0], [98117.5, 7000.0], [98120.0, 10.0], [98127.5, 2100.0], [98130.0, 7010.0], [98137.5, 2140.0], [98140.0, 7010.0], [98142.5, 20.0], [98147.5, 2100.0], [98150.0, 7000.0], [98155.0, 40.0], [98157.5, 10.0], [98160.0, 9010.0], [98162.5, 13210.0], [98167.5, 2580.0], [98170.0, 8600.0]]}}}
{"jsonrpc": "2.0", "method": "subscription", "params": {"channel": "book.BTC-14FEB25.none.20.100ms", "data": {"timestamp": 1738720933837, "change_id": 86866064132, "instrument_name": "BTC-14FEB25", "bids": [[98175.0, 20.0], [98155.0, 20.0], [98147.5, 1650.0], [98145.0, 10820.0], [98142.5, 7320.0], [98140.0, 10000.0], [98137.5, 1670.0], [98135.0, 5500.0], [98130.0, 2790.0], [98127.5, 3790.0], [98125.0, 20500.0], [98122.5, 50000.0], [98117.5, 20.0], [98112.5, 2250.0], [98110.0, 7500.0], [98100.0, 1660.0], [98097.5, 5520.0], [98087.5, 1650.0], [98085.0, 5500.0], [98077.5, 20.0]], "asks": [[98177.5, 1300.0], [98180.0, 18060.0], [98182.5, 3790.0], [98190.0, 1650.0], [98192.5, 5500.0], [98200.0, 14360.0], [98202.5, 42360.0], [98205.0, 5500.0], [98212.5, 1660.0], [98215.0, 5520.0], [98222.5, 1650.0], [98225.0, 5500.0], [98232.5, 1660.0], [98235.0, 5520.0], [98240.0, 20.0], [98242.5, 1650.0], [98245.0, 5500.0], [98252.5, 1660.0], [98255.0, 5520.0], [98262.5, 1650.0]]}}}
{"jsonrpc": "2.0", "method": "subscription", "params": {"channel": "book.BTC-7FEB25.none.20.100ms", "data": {"timestamp": 1738720933914, "change_id": 86866064242, "instrument_name": "BTC-7FEB25", "bids": [[98087.5, 100.0], [98080.0, 10.0], [98077.5, 40.0], [98070.0, 15180.0], [98067.5, 7000.0], [98060.0, 20270.0], [98057.5, 50.0], [98055.0, 72100.0], [98052.5, 7000.0], [98050.0, 4290.0], [98047.5, 10000.0], [98045.0, 3900.0], [98042.5, 20.0], [98040.0, 10.0], [98037.5, 40.0], [98025.0, 2120.0], [98022.5, 7000.0], [98020.0, 50.0], [98010.0, 10.0], [98007.5, 2100.0]], "asks": [[98090.0, 20920.0], [98095.0, 2030.0], [98097.5, 7000.0], [98105.0, 7000.0], [98107.5, 27000.0], [98110.0, 12700.0], [98112.5, 42320.0], [98115.0, 2100.0], [98117.5, 7040.0], [98120.0, 10.0], [98127.5, 2100.0], [98130.0, 7010.0], [98137.5, 2140.0], [98140.0, 7010.0], [98142.5, 20.0], [98147.5, 2100.0], [98150.0, 7000.0], [98155.0, 40.0], [98157.5, 2710.0], [98160.0, 12970.0]]}}}
{"jsonrpc": "2.0", "method": "subscription", "params": {"channel": "book.BTC-14FEB25.none.20.100ms", "data": {"timestamp": 1738720934281, "change_id": 86866065133, "instrument_name": "BTC-14FEB25", "bids": [[98175.0, 20.0], [98155.0, 20.0], [98145.0, 120.0], [98142.5, 7320.0], [98140.0, 10020.0], [98137.5, 1670.0], [98135.0, 5500.0], [98130.0, 2580.0], [98127.5, 50000.0], [98125.0, 9290.0], [98117.5, 20.0], [98112.5, 2250.0], [98110.0, 7500.0], [98100.0, 1660.0], [98097.5, 5520.0], [98087.5, 1650.0], [98085.0, 5500.0], [98077.5, 20.0], [98070.0, 1650.0], [98067.5, 5500.0]], "asks": [[98177.5, 11300.0], [98180.0, 8060.0], [98182.5, 3790.0], [98190.0, 1650.0], [98192.5, 5500.0], [98200.0, 14360.0], [98202.5, 42360.0], [98205.0, 5500.0], [98212.5, 1660.0], [98215.0, 5520.0], [98222.5, 1650.0], [98225.0, 5500.0], [98232.5, 1660.0], [98235.0, 5520.0], [98240.0, 20.0], [98242.5, 1650.0], [98245.0, 5500.0], [98252.5, 1660.0], [98255.0, 5520.0], [98262.5, 1650.0]]}}}
{"jsonrpc": "2.0", "method": "subscription", "params": {"channel": "book.BTC-7FEB25.none.20.100ms", "data": {"timestamp": 1738720934280, "change_id": 86866065132, "instrument_name": "BTC-7FEB25", "bids": [[98080.0, 10.0], [98077.5, 150.0], [98060.0, 10.0], [98057.5, 15230.0], [98052.5, 7000.0], [98050.0, 8630.0], [98047.5, 10000.0], [98045.0, 20100.0], [98042.5, 50020.0], [98040.0, 10.0], [98037.5, 40.0], [98025.0, 2120.0], [98022.5, 7000.0], [98020.0, 50.0], [98010.0, 10.0], [98007.5, 2100.0], [98005.0, 7620.0], [98002.5, 2000.0], [98000.0, 50.0], [97997.5, 2100.0]], "asks": [[98082.5, 17000.0], [98085.0, 3280.0], [98087.5, 7000.0], [98090.0, 3920.0], [98095.0, 2030.0], [98097.5, 7000.0], [98105.0, 1960.0], [98107.5, 7000.0], [98110.0, 12700.0], [98112.5, 42320.0], [98115.0, 2100.0], [98117.5, 7040.0], [98120.0, 10.0], [98127.5, 2100.0], [98130.0, 7010.0], [98137.5, 3740.0], [98140.0, 7010.0], [98142.5, 20.0], [98147.5, 2100.0], [98150.0, 7000.0]]}}}
{"jsonrpc": "2.0", "method": "subscription", "params": {"channel": "book.BTC-14FEB25.none.20.100ms", "data": {"timestamp": 1738720934594, "change_id": 86866066596, "instrument_name": "BTC-14FEB25", "bids": [[98155.0, 20.0], [98142.5, 7320.0], [98140.0, 20.0], [98137.5, 20.0], [98135.0, 5500.0], [98132.5, 120.0], [98125.0, 15500.0], [98117.5, 20.0], [98112.5, 3790.0], [98110.0, 5500.0], [98107.5, 50000.0], [98097.5, 5520.0], [98085.0, 5500.0], [98077.5, 20.0], [98067.5, 7500.0], [98057.5, 5520.0], [98055.0, 1600.0], [98040.0, 5500.0], [98037.5, 20.0], [98030.0, 5500.0]], "asks": [[98167.5, 10000.0], [98170.0, 5620.0], [98177.5, 1300.0], [98180.0, 5500.0], [98192.5, 5500.0], [98195.0, 20.0], [98205.0, 5500.0], [98215.0, 5520.0], [98225.0, 5500.0], [98235.0, 5520.0], [98240.0, 20.0], [98245.0, 5500.0], [98255.0, 5520.0], [98265.0, 7500.0], [98275.0, 5520.0], [98287.5, 5500.0], [98292.5, 20.0], [98307.5, 5500.0], [98312.5, 20.0], [98325.0, 5500.0]]}}}
{"jsonrpc": "2.0", "method": "subscription", "params": {"channel": "book.BTC-7FEB25.none.20.100ms", "data": {"timestamp": 1738720934554, "change_id": 86866066495, "instrument_name": "BTC-7FEB25", "bids": [[98080.0, 10.0], [98077.5, 150.0], [98060.0, 10.0], [98057.5, 50.0], [98047.5, 4550.0], [98045.0, 37510.0], [98042.5, 70020.0], [98040.0, 8200.0], [98037.5, 160.0], [98035.0, 3000.0], [98032.5, 10000.0], [98030.0, 1140.0], [98027.5, 3800.0], [98025.0, 2120.0], [98022.5, 7000.0], [98020.0, 50.0], [98012.5, 100.0], [98010.0, 10.0], [98007.5, 2100.0], [98005.0, 7000.0]], "asks": [[98082.5, 17000.0], [98087.5, 7000.0], [98090.0, 3920.0], [98092.5, 20000.0], [98097.5, 7000.0], [98107.5, 7000.0], [98115.0, 2100.0], [98117.5, 7040.0], [98120.0, 10.0], [98127.5, 2100.0], [98130.0, 7010.0], [98137.5, 1640.0], [98140.0, 7010.0], [98142.5, 20.0], [98150.0, 7000.0], [98155.0, 40.0], [98157.5, 10.0], [98160.0, 9010.0], [98162.5, 13210.0], [98167.5, 2580.0]]}}}
{"jsonrpc": "2.0", "method": "subscription", "params": {"channel": "book.BTC-14FEB25.none.20.100ms", "data": {"timestamp": 1738720934927, "change_id": 86866067137, "instrument_name": "BTC-14FEB25", "bids": [[98155.0, 20.0], [98142.5, 7320.0], [98140.0, 20.0], [98137.5, 1670.0], [98135.0, 5500.0], [98132.5, 120.0], [98127.5, 4650.0], [98125.0, 15500.0], [98117.5, 20.0], [98115.0, 2790.0], [98112.5, 3790.0], [98110.0, 20500.0], [98107.5, 50000.0], [98100.0, 1660.0], [98097.5, 5520.0], [98085.0, 5500.0], [98077.5, 20.0], [98067.5, 7500.0], [98057.5, 5520.0], [98055.0, 1600.0]], "asks": [[98157.5, 3790.0], [98165.0, 4690.0], [98167.5, 10000.0], [98170.0, 5620.0], [98177.5, 1650.0], [98180.0, 5500.0], [98190.0, 1660.0], [98192.5, 5500.0], [98195.0, 20.0], [98202.5, 1650.0], [98205.0, 5500.0], [98215.0, 5520.0], [98225.0, 5500.0], [98235.0, 5520.0], [98240.0, 20.0], [98245.0, 5500.0], [98255.0, 5520.0], [98265.0, 7500.0], [98275.0, 5520.0], [98287.5, 5500.0]]}}}
{"jsonrpc": "2.0", "method": "subscription", "params": {"channel": "book.BTC-7FEB25.none.20.100ms", "data": {"timestamp": 1738720934924, "change_id": 86866067132, "instrument_name": "BTC-7FEB25", "bids": [[98080.0, 10.0], [98077.5, 40.0], [98067.5, 110.0], [98060.0, 10.0], [98057.5, 50.0], [98047.5, 4550.0], [98045.0, 37510.0], [98042.5, 20.0], [98040.0, 78200.0], [98037.5, 160.0], [98035.0, 3000.0], [98032.5, 10000.0], [98030.0, 1140.0], [98027.5, 3800.0], [98025.0, 2120.0], [98022.5, 7000.0], [98020.0, 50.0], [98012.5, 100.0], [98010.0, 10.0], [98007.5, 2100.0]], "asks": [[98082.5, 17000.0], [98085.0, 3280.0], [98087.5, 7000.0], [98090.0, 9920.0], [98092.5, 20000.0], [98095.0, 2100.0], [98097.5, 7000.0], [98105.0, 2100.0], [98107.5, 7000.0], [98115.0, 2100.0], [98117.5, 7040.0], [98120.0, 10.0], [98127.5, 2100.0], [98130.0, 7010.0], [98137.5, 3740.0], [98140.0, 7010.0], [98142.5, 20.0], [98147.5, 2100.0], [98150.0, 7000.0], [98155.0, 40.0]]}}}
{"jsonrpc": "2.0", "method": "subscription", "params": {"channel": "book.BTC-14FEB25.none.20.100ms", "data": {"timestamp": 1738720935148, "change_id": 86866067537, "instrument_name": "BTC-14FEB25", "bids": [[98155.0, 20.0], [98147.5, 1650.0], [98145.0, 7700.0], [98142.5, 7320.0], [98140.0, 20.0], [98137.5, 1670.0], [98135.0, 5500.0], [98132.5, 120.0], [98127.5, 4650.0], [98125.0, 16640.0], [98122.5, 3790.0], [98117.5, 20.0], [98112.5, 1650.0], [98110.0, 20500.0], [98107.5, 50000.0], [98100.0, 1660.0], [98097.5, 5520.0], [98087.5, 1650.0], [98085.0, 5500.0], [98077.5, 20.0]], "asks": [[98157.5, 3790.0], [98165.0, 1690.0], [98170.0, 5620.0], [98177.5, 4440.0], [98180.0, 15500.0], [98190.0, 1660.0], [98192.5, 5500.0], [98195.0, 20.0], [98202.5, 1650.0], [98205.0, 5500.0], [98212.5, 1660.0], [98215.0, 5520.0], [98222.5, 1650.0], [98225.0, 5500.0], [98232.5, 1660.0], [98235.0, 5520.0], [98240.0, 20.0], [98242.5, 1650.0], [98245.0, 5500.0], [98252.5, 1660.0]]}}}
{"jsonrpc": "2.0", "method": "subscription", "params": {"channel": "book.BTC-7FEB25.none.20.100ms", "data": {"timestamp": 1738720935153, "change_id": 86866067543, "instrument_name": "BTC-7FEB25", "bids": [[98080.0, 10.0], [98077.5, 40.0], [98067.5, 110.0], [98060.0, 10.0], [98057.5, 50.0], [98047.5, 4550.0], [98045.0, 37510.0], [98042.5, 20020.0], [98040.0, 58200.0], [98037.5, 3960.0], [98035.0, 3000.0], [98032.5, 10000.0], [98025.0, 2120.0], [98022.5, 7000.0], [98020.0, 50.0], [98012.5, 100.0], [98010.0, 10.0], [98007.5, 2100.0], [98005.0, 7000.0], [98000.0, 50.0]], "asks": [[98082.5, 17000.0], [98085.0, 3280.0], [98087.5, 7000.0], [98090.0, 3920.0], [98095.0, 2100.0], [98097.5, 7000.0], [98105.0, 2100.0], [98107.5, 7000.0], [98115.0, 2100.0], [98117.5, 7040.0], [98120.0, 10.0], [98127.5, 2100.0], [98130.0, 7010.0], [98137.5, 3740.0], [98140.0, 7010.0], [98142.5, 20.0], [98147.5, 2100.0], [98150.0, 7000.0], [98155.0, 40.0], [98157.5, 2710.0]]}}}
{"jsonrpc": "2.0", "method": "subscription", "params": {"channel": "book.BTC-7FEB25.none.20.100ms", "data": {"timestamp": 1738720935496, "change_id": 86866068222, "instrument_name": "BTC-7FEB25", "bids": [[98080.0, 10.0], [98077.5, 40.0], [98067.5, 110.0], [98060.0, 10.0], [98057.5, 50.0], [98047.5, 4550.0], [98045.0, 37510.0], [98042.5, 20020.0], [98040.0, 58200.0], [98037.5, 3960.0], [98035.0, 3000.0], [98032.5, 10000.0], [98025.0, 2120.0], [98022.5, 7000.0], [98020.0, 50.0], [98012.5, 100.0], [98010.0, 10.0], [98007.5, 2100.0], [98005.0, 7000.0], [98000.0, 50.0]], "asks": [[98082.5, 17000.0], [98085.0, 3280.0], [98087.5, 7000.0], [98090.0, 3920.0], [98095.0, 2100.0], [98097.5, 7000.0], [98105.0, 14940.0], [98107.5, 50680.0], [98115.0, 2100.0], [98117.5, 7040.0], [98120.0, 10.0], [98127.5, 2100.0], [98130.0, 7010.0], [98137.5, 3740.0], [98140.0, 7010.0], [98142.5, 20.0], [98147.5, 2100.0], [98150.0, 7000.0], [98155.0, 40.0], [98157.5, 2710.0]]}}}
{"jsonrpc": "2.0", "method": "subscription", "params": {"channel": "book.BTC-14FEB25.none.20.100ms", "data": {"timestamp": 1738720935747, "change_id": 86866068448, "instrument_name": "BTC-14FEB25", "bids": [[98155.0, 20.0], [98145.0, 2200.0], [98142.5, 7320.0], [98140.0, 20.0], [98137.5, 1670.0], [98135.0, 5500.0], [98132.5, 120.0], [98127.5, 4650.0], [98125.0, 16640.0], [98122.5, 3790.0], [98117.5, 20.0], [98112.5, 1650.0], [98110.0, 20500.0], [98107.5, 50000.0], [98100.0, 1660.0], [98097.5, 5520.0], [98087.5, 1650.0], [98085.0, 5500.0], [98077.5, 20.0], [98070.0, 2250.0]], "asks": [[98157.5, 3790.0], [98165.0, 1690.0], [98170.0, 5620.0], [98177.5, 4440.0], [98180.0, 15500.0], [98190.0, 1660.0], [98192.5, 5500.0], [98195.0, 20.0], [98202.5, 1650.0], [98205.0, 5500.0], [98212.5, 1660.0], [98215.0, 5520.0], [98222.5, 1650.0], [98225.0, 5500.0], [98232.5, 1660.0], [98235.0, 5520.0], [98240.0, 20.0], [98242.5, 1650.0], [98245.0, 5500.0], [98252.5, 1660.0]]}}}
{"jsonrpc": "2.0", "method": "subscription", "params": {"channel": "book.BTC-7FEB25.none.20.100ms", "data": {"timestamp": 1738720935846, "change_id": 86866068586, "instrument_name": "BTC-7FEB25", "bids": [[98080.0, 10.0], [98077.5, 40.0], [98067.5, 110.0], [98062.5, 2840.0], [98060.0, 9810.0], [98057.5, 50.0], [98052.5, 2100.0], [98050.0, 7000.0], [98047.5, 4550.0], [98045.0, 37510.0], [98042.5, 70020.0], [98040.0, 8200.0], [98037.5, 3960.0], [98035.0, 3000.0], [98032.5, 10000.0], [98025.0, 2120.0], [98022.5, 7000.0], [98020.0, 50.0], [98012.5, 100.0], [98010.0, 10.0]], "asks": [[98082.5, 17000.0], [98085.0, 3280.0], [98087.5, 7000.0], [98090.0, 3920.0], [98095.0, 2100.0], [98097.5, 7000.0], [98105.0, 14940.0], [98107.5, 50680.0], [98115.0, 2100.0], [98117.5, 7040.0], [98120.0, 10.0], [98127.5, 2100.0], [98130.0, 7010.0], [98137.5, 3740.0], [98140.0, 7010.0], [98142.5, 20.0], [98147.5, 2100.0], [98150.0, 7000.0], [98155.0, 40.0], [98157.5, 2710.0]]}}}
{"jsonrpc": "2.0", "method": "subscription", "params": {"channel": "book.BTC-14FEB25.none.20.100ms", "data": {"timestamp": 1738720935995, "change_id": 86866068779, "instrument_name": "BTC-14FEB25", "bids": [[98155.0, 20.0], [98147.5, 1650.0], [98145.0, 7700.0], [98142.5, 7320.0], [98140.0, 20.0], [98137.5, 1670.0], [98135.0, 5500.0], [98132.5, 120.0], [98127.5, 4650.0], [98125.0, 16640.0], [98122.5, 3790.0], [98117.5, 20.0], [98112.5, 1650.0], [98110.0, 20500.0], [98107.5, 50000.0], [98100.0, 1660.0], [98097.5, 5520.0], [98087.5, 1650.0], [98085.0, 5500.0], [98077.5, 20.0]], "asks": [[98157.5, 3790.0], [98165.0, 1690.0], [98170.0, 5620.0], [98177.5, 4440.0], [98180.0, 15500.0], [98190.0, 1660.0], [98192.5, 5500.0], [98195.0, 20.0], [98202.5, 1650.0], [98205.0, 5500.0], [98212.5, 1660.0], [98215.0, 5520.0], [98222.5, 1650.0], [98225.0, 5500.0], [98232.5, 1660.0], [98235.0, 5520.0], [98240.0, 20.0], [98242.5, 1650.0], [98245.0, 5500.0], [98252.5, 1660.0]]}}}
{"jsonrpc": "2.0", "method": "subscription", "params": {"channel": "book.BTC-7FEB25.none.20.100ms", "data": {"timestamp": 1738720936763, "change_id": 86866069731, "instrument_name": "BTC-7FEB25", "bids": [[98080.0, 10.0], [98077.5, 40.0], [98067.5, 110.0], [98062.5, 2840.0], [98060.0, 9810.0], [98057.5, 50.0], [98052.5, 2100.0], [98050.0, 7000.0], [98047.5, 4550.0], [98045.0, 37510.0], [98042.5, 70020.0], [98040.0, 8200.0], [98037.5, 3960.0], [98035.0, 3000.0], [98032.5, 10000.0], [98025.0, 2120.0], [98022.5, 7000.0], [98020.0, 50.0], [98012.5, 100.0], [98010.0, 10.0]], "asks": [[98082.5, 17000.0], [98085.0, 3280.0], [98087.5, 7000.0], [98090.0, 3920.0], [98095.0, 2100.0], [98097.5, 7000.0], [98105.0, 2100.0], [98107.5, 7000.0], [98115.0, 2100.0], [98117.5, 7040.0], [98120.0, 10.0], [98127.5, 2100.0], [98130.0, 7010.0], [98137.5, 3740.0], [98140.0, 7010.0], [98142.5, 20.0], [98147.5, 2100.0], [98150.0, 7000.0], [98155.0, 40.0], [98157.5, 2710.0]]}}}
{"jsonrpc": "2.0", "method": "subscription", "params": {"channel": "book.BTC-14FEB25.none.20.100ms", "data": {"timestamp": 1738720937161, "change_id": 86866070084, "instrument_name": "BTC-14FEB25", "bids": [[98155.0, 20.0], [98145.0, 2200.0], [98142.5, 7320.0], [98140.0, 20.0], [98137.5, 1670.0], [98135.0, 5500.0], [98132.5, 120.0], [98127.5, 4650.0], [98125.0, 16640.0], [98122.5, 3790.0], [98117.5, 20.0], [98112.5, 1650.0], [98110.0, 20500.0], [98107.5, 50000.0], [98100.0, 1660.0], [98097.5, 5520.0], [98087.5, 1650.0], [98085.0, 5500.0], [98077.5, 20.0], [98070.0, 2250.0]], "asks": [[98157.5, 3790.0], [98165.0, 1690.0], [98170.0, 5620.0], [98177.5, 4440.0], [98180.0, 15500.0], [98190.0, 1660.0], [98192.5, 5500.0], [98195.0, 20.0], [98202.5, 1650.0], [98205.0, 5500.0], [98212.5, 1660.0], [98215.0, 5520.0], [98222.5, 1650.0], [98225.0, 5500.0], [98232.5, 1660.0], [98235.0, 5520.0], [98240.0, 20.0], [98242.5, 1650.0], [98245.0, 5500.0], [98252.5, 1660.0]]}}}
{"jsonrpc": "2.0", "method": "subscription", "params": {"channel": "book.BTC-7FEB25.none.20.100ms", "data": {"timestamp": 1738720937232, "change_id": 86866070199, "instrument_name": "BTC-7FEB25", "bids": [[98080.0, 10.0], [98077.5, 40.0], [98067.5, 110.0], [98060.0, 7010.0], [98057.5, 50.0], [98052.5, 2100.0], [98050.0, 7000.0], [98047.5, 4550.0], [98045.0, 37510.0], [98042.5, 70020.0], [98040.0, 8200.0], [98037.5, 3960.0], [98035.0, 3000.0], [98032.5, 10000.0], [98025.0, 2120.0], [98022.5, 7000.0], [98020.0, 50.0], [98012.5, 100.0], [98010.0, 10.0], [98007.5, 2100.0]], "asks": [[98082.5, 17000.0], [98085.0, 3280.0], [98087.5, 7000.0], [98090.0, 3920.0], [98095.0, 2100.0], [98097.5, 7000.0], [98100.0, 15070.0], [98102.5, 50220.0], [98105.0, 2100.0], [98107.5, 7000.0], [98115.0, 2100.0], [98117.5, 7040.0], [98120.0, 10.0], [98127.5, 2100.0], [98130.0, 7010.0], [98137.5, 3740.0], [98140.0, 7010.0], [98142.5, 20.0], [98147.5, 2100.0], [98150.0, 7000.0]]}}}
{"jsonrpc": "2.0", "method": "subscription", "params": {"channel": "book.BTC-14FEB25.none.20.100ms", "data": {"timestamp": 1738720937466, "change_id": 86866070756, "instrument_name": "BTC-14FEB25", "bids": [[98155.0, 20.0], [98142.5, 7320.0], [98140.0, 20.0], [98137.5, 1670.0], [98135.0, 5500.0], [98132.5, 120.0], [98127.5, 4650.0], [98125.0, 15500.0], [98117.5, 20.0], [98112.5, 1650.0], [98110.0, 20500.0], [98107.5, 50000.0], [98100.0, 1660.0], [98097.5, 5520.0], [98087.5, 1650.0], [98085.0, 5500.0], [98077.5, 20.0], [98070.0, 2250.0], [98067.5, 7500.0], [98060.0, 2140.0]], "asks": [[98157.5, 3790.0], [98165.0, 1690.0], [98170.0, 5620.0], [98177.5, 4440.0], [98180.0, 15500.0], [98190.0, 1660.0], [98192.5, 5500.0], [98195.0, 20.0], [98202.5, 1650.0], [98205.0, 5500.0], [98212.5, 1660.0], [98215.0, 5520.0], [98222.5, 1650.0], [98225.0, 5500.0], [98232.5, 1660.0], [98235.0, 5520.0], [98240.0, 20.0], [98242.5, 1650.0], [98245.0, 5500.0], [98252.5, 1660.0]]}}}
{"jsonrpc": "2.0", "method": "subscription", "params": {"channel": "book.BTC-7FEB25.none.20.100ms", "data": {"timestamp": 1738720937463, "change_id": 86866070688, "instrument_name": "BTC-7FEB25", "bids": [[98080.0, 10.0], [98077.5, 40.0], [98067.5, 110.0], [98060.0, 10.0], [98057.5, 50.0], [98052.5, 2100.0], [98050.0, 7000.0], [98047.5, 4550.0], [98045.0, 37510.0], [98042.5, 70020.0], [98040.0, 8200.0], [98037.5, 160.0], [98035.0, 3000.0], [98032.5, 10000.0], [98025.0, 2120.0], [98022.5, 7000.0], [98020.0, 50.0], [98012.5, 100.0], [98010.0, 10.0], [98007.5, 2100.0]], "asks": [[98082.5, 17000.0], [98085.0, 3280.0], [98087.5, 7000.0], [98090.0, 9920.0], [98092.5, 20000.0], [98095.0, 2100.0], [98097.5, 7000.0], [98100.0, 15070.0], [98102.5, 50220.0], [98105.0, 2100.0], [98107.5, 7000.0], [98115.0, 2100.0], [98117.5, 7040.0], [98120.0, 10.0], [98127.5, 2100.0], [98130.0, 7010.0], [98137.5, 3740.0], [98140.0, 7010.0], [98142.5, 20.0], [98147.5, 2100.0]]}}}
{"jsonrpc": "2.0", "method": "subscription", "params": {"channel": "book.BTC-14FEB25.none.20.100ms", "data": {"timestamp": 1738720937704, "change_id": 86866070940, "instrument_name": "BTC-14FEB25", "bids": [[98155.0, 20.0], [98145.0, 2200.0], [98142.5, 7320.0], [98140.0, 20.0], [98137.5, 1670.0], [98135.0, 5500.0], [98132.5, 120.0], [98127.5, 4650.0], [98125.0, 15500.0], [98120.0, 1140.0], [98117.5, 3810.0], [98112.5, 1650.0], [98110.0, 20500.0], [98107.5, 50000.0], [98100.0, 1660.0], [98097.5, 5520.0], [98087.5, 1650.0], [98085.0, 5500.0], [98077.5, 20.0], [98070.0, 2250.0]], "asks": [[98157.5, 3790.0], [98160.0, 120.0], [98165.0, 4440.0], [98170.0, 15500.0], [98177.5, 1650.0], [98180.0, 5500.0], [98190.0, 1660.0], [98192.5, 5500.0], [98195.0, 20.0], [98202.5, 1650.0], [98205.0, 5500.0], [98212.5, 1660.0], [98215.0, 5520.0], [98222.5, 1650.0], [98225.0, 5500.0], [98232.5, 1660.0], [98235.0, 5520.0], [98240.0, 20.0], [98242.5, 1650.0], [98245.0, 5500.0]]}}}
{"jsonrpc": "2.0", "method": "subscription", "params": {"channel": "book.BTC-7FEB25.none.20.100ms", "data": {"timestamp": 1738720937883, "change_id": 86866071136, "instrument_name": "BTC-7FEB25", "bids": [[98077.5, 40.0], [98067.5, 110.0], [98060.0, 10.0], [98057.5, 890.0], [98055.0, 2800.0], [98052.5, 2100.0], [98050.0, 7000.0], [98047.5, 4550.0], [98045.0, 37510.0], [98042.5, 70020.0], [98040.0, 8200.0], [98037.5, 160.0], [98035.0, 6800.0], [98032.5, 10000.0], [98025.0, 2120.0], [98022.5, 7000.0], [98020.0, 50.0], [98012.5, 100.0], [98010.0, 10.0], [98007.5, 2100.0]], "asks": [[98080.0, 10920.0], [98082.5, 17000.0], [98090.0, 6000.0], [98092.5, 20000.0], [98095.0, 2100.0], [98097.5, 7000.0], [98100.0, 15070.0], [98102.5, 50220.0], [98105.0, 2100.0], [98107.5, 7000.0], [98115.0, 2100.0], [98117.5, 7040.0], [98120.0, 10.0], [98127.5, 2100.0], [98130.0, 7010.0], [98137.5, 3740.0], [98140.0, 7010.0], [98142.5, 20.0], [98147.5, 2100.0], [98150.0, 7000.0]]}}}
{"jsonrpc": "2.0", "method": "subscription", "params": {"channel": "book.BTC-14FEB25.none.20.100ms", "data": {"timestamp": 1738720938098, "change_id": 86866071390, "instrument_name": "BTC-14FEB25", "bids": [[98155.0, 20.0], [98142.5, 7320.0], [98140.0, 20.0], [98137.5, 1670.0], [98135.0, 5500.0], [98132.5, 120.0], [98127.5, 4650.0], [98125.0, 15500.0], [98120.0, 1140.0], [98117.5, 3810.0], [98112.5, 1650.0], [98110.0, 20500.0], [98107.5, 50000.0], [98100.0, 1660.0], [98097.5, 5520.0], [98087.5, 1650.0], [98085.0, 5500.0], [98077.5, 20.0], [98070.0, 2250.0], [98067.5, 7500.0]], "asks": [[98157.5, 3790.0], [98160.0, 120.0], [98165.0, 4440.0], [98170.0, 15500.0], [98177.5, 1650.0], [98180.0, 5500.0], [98190.0, 1660.0], [98192.5, 5500.0], [98195.0, 20.0], [98202.5, 1650.0], [98205.0, 5500.0], [98212.5, 1660.0], [98215.0, 5520.0], [98222.5, 1650.0], [98225.0, 5500.0], [98232.5, 1660.0], [98235.0, 5520.0], [98240.0, 20.0], [98242.5, 1650.0], [98245.0, 5500.0]]}}}
{"jsonrpc": "2.0", "method": "subscription", "params": {"channel": "book.BTC-14FEB25.none.20.100ms", "data": {"timestamp": 1738720938348, "change_id": 86866071753, "instrument_name": "BTC-14FEB25", "bids": [[98155.0, 20.0], [98140.0, 20.0], [98137.5, 1670.0], [98135.0, 5500.0], [98132.5, 2320.0], [98130.0, 7320.0], [98127.5, 4650.0], [98125.0, 15500.0], [98120.0, 1140.0], [98117.5, 3810.0], [98112.5, 1650.0], [98110.0, 20500.0], [98107.5, 50000.0], [98100.0, 1660.0], [98097.5, 5520.0], [98087.5, 1650.0], [98085.0, 5500.0], [98077.5, 20.0], [98070.0, 2250.0], [98067.5, 7500.0]], "asks": [[98157.5, 3790.0], [98160.0, 120.0], [98165.0, 4440.0], [98170.0, 15500.0], [98177.5, 1650.0], [98180.0, 5500.0], [98190.0, 1660.0], [98192.5, 5500.0], [98195.0, 20.0], [98202.5, 1650.0], [98205.0, 5500.0], [98212.5, 1660.0], [98215.0, 5520.0], [98222.5, 1650.0], [98225.0, 5500.0], [98232.5, 1660.0], [98235.0, 5520.0], [98240.0, 20.0], [98242.5, 1650.0], [98245.0, 5500.0]]}}}
{"jsonrpc": "2.0", "method": "subscription", "params": {"channel": "book.BTC-7FEB25.none.20.100ms", "data": {"timestamp": 1738720938363, "change_id": 86866071762, "instrument_name": "BTC-7FEB25", "bids": [[98077.5, 550.0], [98060.0, 10.0], [98057.5, 890.0], [98055.0, 2800.0], [98052.5, 2100.0], [98050.0, 7000.0], [98047.5, 4550.0], [98045.0, 37510.0], [98042.5, 70020.0], [98040.0, 8200.0], [98037.5, 160.0], [98035.0, 6800.0], [98032.5, 10000.0], [98025.0, 2120.0], [98022.5, 7000.0], [98020.0, 50.0], [98012.5, 100.0], [98010.0, 10.0], [98007.5, 2100.0], [98005.0, 7000.0]], "asks": [[98080.0, 10920.0], [98082.5, 17000.0], [98090.0, 6000.0], [98092.5, 20000.0], [98095.0, 2100.0], [98097.5, 7000.0], [98100.0, 15070.0], [98102.5, 50220.0], [98105.0, 2100.0], [98107.5, 7000.0], [98115.0, 2100.0], [98117.5, 7040.0], [98120.0, 10.0], [98127.5, 2100.0], [98130.0, 7010.0], [98137.5, 3740.0], [98140.0, 7010.0], [98142.5, 20.0], [98147.5, 2100.0], [98150.0, 7000.0]]}}}
{"jsonrpc": "2.0", "method": "subscription", "params": {"channel": "book.BTC-14FEB25.none.20.100ms", "data": {"timestamp": 1738720938611, "change_id": 86866072066, "instrument_name": "BTC-14FEB25", "bids": [[98155.0, 20.0], [98142.5, 400.0], [98140.0, 1320.0], [98137.5, 1670.0], [98135.0, 5500.0], [98132.5, 2320.0], [98130.0, 7320.0], [98127.5, 4650.0], [98125.0, 15500.0], [98120.0, 1140.0], [98117.5, 3810.0], [98112.5, 1650.0], [98110.0, 20500.0], [98107.5, 50000.0], [98100.0, 1660.0], [98097.5, 5520.0], [98087.5, 1650.0], [98085.0, 5500.0], [98077.5, 20.0], [98070.0, 2250.0]], "asks": [[98157.5, 3790.0], [98160.0, 120.0], [98165.0, 4440.0], [98170.0, 15500.0], [98177.5, 1650.0], [98180.0, 5500.0], [98190.0, 1660.0], [98192.5, 5500.0], [98195.0, 20.0], [98202.5, 1650.0], [98205.0, 5500.0], [98212.5, 1660.0], [98215.0, 5520.0], [98222.5, 1650.0], [98225.0, 5500.0], [98232.5, 1660.0], [98235.0, 5520.0], [98240.0, 20.0], [98242.5, 1650.0], [98245.0, 5500.0]]}}}
{"jsonrpc": "2.0", "method": "subscription", "params": {"channel": "book.BTC-7FEB25.none.20.100ms", "data": {"timestamp": 1738720938765, "change_id": 86866072181, "instrument_name": "BTC-7FEB25", "bids": [[98077.5, 550.0], [98060.0, 10.0], [98057.5, 890.0], [98055.0, 2800.0], [98052.5, 2100.0], [98050.0, 7000.0], [98047.5, 4550.0], [98045.0, 37510.0], [98042.5, 70020.0], [98040.0, 8200.0], [98037.5, 160.0], [98035.0, 6800.0], [98032.5, 10000.0], [98025.0, 2120.0], [98022.5, 7000.0], [98020.0, 50.0], [98012.5, 100.0], [98010.0, 10.0], [98007.5, 2100.0], [98005.0, 7000.0]], "asks": [[98080.0, 10920.0], [98082.5, 17000.0], [98090.0, 6000.0], [98092.5, 20000.0], [98095.0, 2100.0], [98097.5, 7000.0], [98100.0, 15070.0], [98102.5, 50220.0], [98105.0, 2100.0], [98107.5, 7000.0], [98115.0, 2100.0], [98117.5, 7040.0], [98120.0, 10.0], [98127.5, 2100.0], [98130.0, 7010.0], [98137.5, 3740.0], [98140.0, 7010.0], [98142.5, 20.0], [98147.5, 2100.0], [98150.0, 7000.0]]}}}
{"jsonrpc": "2.0", "method": "subscription", "params": {"channel": "book.BTC-14FEB25.none.20.100ms", "data": {"timestamp": 1738720939183, "change_id": 86866072543, "instrument_name": "BTC-14FEB25", "bids": [[98155.0, 20.0], [98142.5, 400.0], [98140.0, 1320.0], [98137.5, 1670.0], [98135.0, 5500.0], [98132.5, 2320.0], [98130.0, 7320.0], [98127.5, 4650.0], [98125.0, 15500.0], [98120.0, 1140.0], [98117.5, 3810.0], [98112.5, 1650.0], [98110.0, 20500.0], [98107.5, 50000.0], [98100.0, 1660.0], [98097.5, 5520.0], [98087.5, 1650.0], [98085.0, 5500.0], [98077.5, 20.0], [98070.0, 2250.0]], "asks": [[98160.0, 11260.0], [98162.5, 3790.0], [98165.0, 1690.0], [98170.0, 5500.0], [98177.5, 1650.0], [98180.0, 5500.0], [98190.0, 1660.0], [98192.5, 5500.0], [98195.0, 20.0], [98202.5, 1650.0], [98205.0, 5500.0], [98212.5, 1660.0], [98215.0, 5520.0], [98222.5, 1650.0], [98225.0, 5500.0], [98232.5, 1660.0], [98235.0, 5520.0], [98240.0, 20.0], [98242.5, 1650.0], [98245.0, 5500.0]]}}}
{"jsonrpc": "2.0", "method": "subscription", "params": {"channel": "book.BTC-7FEB25.none.20.100ms", "data": {"timestamp": 1738720939234, "change_id": 86866072629, "instrument_name": "BTC-7FEB25", "bids": [[98077.5, 550.0], [98060.0, 10.0], [98057.5, 890.0], [98055.0, 2800.0], [98052.5, 2100.0], [98050.0, 7000.0], [98047.5, 4550.0], [98045.0, 37510.0], [98042.5, 70020.0], [98040.0, 8200.0], [98037.5, 160.0], [98035.0, 6800.0], [98032.5, 10000.0], [98025.0, 2120.0], [98022.5, 7000.0], [98020.0, 50.0], [98012.5, 100.0], [98010.0, 10.0], [98007.5, 2100.0], [98005.0, 7000.0]], "asks": [[98080.0, 10920.0], [98082.5, 17000.0], [98090.0, 6000.0], [98092.5, 20000.0], [98095.0, 2100.0], [98097.5, 7000.0], [98100.0, 10.0], [98105.0, 2100.0], [98107.5, 7000.0], [98115.0, 2100.0], [98117.5, 7040.0], [98120.0, 10.0], [98127.5, 2100.0], [98130.0, 7010.0], [98137.5, 3740.0], [98140.0, 7010.0], [98142.5, 20.0], [98147.5, 2100.0], [98150.0, 7000.0], [98155.0, 40.0]]}}}
{"jsonrpc": "2.0", "method": "subscription", "params": {"channel": "book.BTC-14FEB25.none.20.100ms", "data": {"timestamp": 1738720939643, "change_id": 86866073146, "instrument_name": "BTC-14FEB25", "bids": [[98155.0, 20.0], [98142.5, 400.0], [98140.0, 1320.0], [98137.5, 1670.0], [98135.0, 5500.0], [98132.5, 2320.0], [98130.0, 7320.0], [98127.5, 4650.0], [98125.0, 15500.0], [98120.0, 1140.0], [98117.5, 3810.0], [98112.5, 1650.0], [98110.0, 20500.0], [98107.5, 50000.0], [98100.0, 1660.0], [98097.5, 5520.0], [98087.5, 1650.0], [98085.0, 5500.0], [98077.5, 20.0], [98070.0, 2250.0]], "asks": [[98160.0, 11260.0], [98162.5, 3790.0], [98165.0, 1690.0], [98170.0, 5500.0], [98177.5, 1650.0], [98180.0, 5500.0], [98185.0, 9150.0], [98187.5, 30500.0], [98190.0, 1660.0], [98192.5, 5500.0], [98195.0, 20.0], [98202.5, 1650.0], [98205.0, 5500.0], [98212.5, 1660.0], [98215.0, 5520.0], [98222.5, 1650.0], [98225.0, 5500.0], [98232.5, 1660.0], [98235.0, 5520.0], [98240.0, 20.0]]}}}
{"jsonrpc": "2.0", "method": "subscription", "params": {"channel": "book.BTC-7FEB25.none.20.100ms", "data": {"timestamp": 1738720939645, "change_id": 86866073148, "instrument_name": "BTC-7FEB25", "bids": [[98077.5, 550.0], [98060.0, 10.0], [98057.5, 890.0], [98055.0, 2800.0], [98052.5, 2100.0], [98050.0, 7000.0], [98047.5, 4550.0], [98045.0, 37510.0], [98042.5, 70020.0], [98040.0, 8200.0], [98037.5, 160.0], [98035.0, 6800.0], [98032.5, 10000.0], [98025.0, 2120.0], [98022.5, 7000.0], [98020.0, 50.0], [98012.5, 100.0], [98010.0, 10.0], [98007.5, 2100.0], [98005.0, 7000.0]], "asks": [[98080.0, 10920.0], [98082.5, 17000.0], [98090.0, 6000.0], [98092.5, 20000.0], [98095.0, 10980.0], [98097.5, 37470.0], [98100.0, 10.0], [98105.0, 2100.0], [98107.5, 7000.0], [98115.0, 2100.0], [98117.5, 7040.0], [98120.0, 10.0], [98127.5, 2100.0], [98130.0, 7010.0], [98137.5, 3740.0], [98140.0, 7010.0], [98142.5, 20.0], [98147.5, 2100.0], [98150.0, 7000.0], [98155.0, 40.0]]}}}
{"jsonrpc": "2.0", "method": "subscription", "params": {"channel": "book.BTC-14FEB25.none.20.100ms", "data": {"timestamp": 1738720940453, "change_id": 86866074015, "instrument_name": "BTC-14FEB25", "bids": [[98155.0, 20.0], [98142.5, 400.0], [98140.0, 1320.0], [98137.5, 1670.0], [98135.0, 5500.0], [98132.5, 2320.0], [98130.0, 7320.0], [98127.5, 4650.0], [98125.0, 15500.0], [98120.0, 1140.0], [98117.5, 3810.0], [98112.5, 1650.0], [98110.0, 20500.0], [98107.5, 50000.0], [98100.0, 1660.0], [98097.5, 5520.0], [98087.5, 1650.0], [98085.0, 5500.0], [98077.5, 20.0], [98070.0, 2250.0]], "asks": [[98160.0, 1260.0], [98162.5, 3790.0], [98165.0, 1690.0], [98170.0, 5500.0], [98172.5, 3000.0], [98175.0, 10000.0], [98177.5, 1650.0], [98180.0, 5500.0], [98185.0, 9150.0], [98187.5, 30500.0], [98190.0, 1660.0], [98192.5, 5500.0], [98195.0, 20.0], [98202.5, 1650.0], [98205.0, 5500.0], [98212.5, 1660.0], [98215.0, 5520.0], [98222.5, 1650.0], [98225.0, 5500.0], [98232.5, 1660.0]]}}}
{"jsonrpc": "2.0", "method": "subscription", "params": {"channel": "book.BTC-7FEB25.none.20.100ms", "data": {"timestamp": 1738720940283, "change_id": 86866073650, "instrument_name": "BTC-7FEB25", "bids": [[98077.5, 550.0], [98060.0, 10.0], [98057.5, 50.0], [98055.0, 2800.0], [98052.5, 2100.0], [98050.0, 7000.0], [98047.5, 4550.0], [98045.0, 37510.0], [98042.5, 70020.0], [98040.0, 8200.0], [98037.5, 160.0], [98035.0, 6800.0], [98032.5, 10000.0], [98025.0, 2120.0], [98022.5, 7000.0], [98020.0, 50.0], [98012.5, 100.0], [98010.0, 10.0], [98007.5, 2100.0], [98005.0, 7000.0]], "asks": [[98080.0, 10920.0], [98082.5, 17000.0], [98090.0, 6000.0], [98092.5, 20000.0], [98095.0, 10980.0], [98097.5, 37470.0], [98100.0, 10.0], [98105.0, 2100.0], [98107.5, 7000.0], [98115.0, 2100.0], [98117.5, 7040.0], [98120.0, 10.0], [98127.5, 2100.0], [98130.0, 7010.0], [98137.5, 3740.0], [98140.0, 7010.0], [98142.5, 20.0], [98147.5, 2100.0], [98150.0, 7000.0], [98155.0, 40.0]]}}}
{"jsonrpc": "2.0", "method": "subscription", "params": {"channel": "book.BTC-14FEB25.none.20.100ms", "data": {"timestamp": 1738720940587, "change_id": 86866074153, "instrument_name": "BTC-14FEB25", "bids": [[98155.0, 20.0], [98142.5, 400.0], [98140.0, 1320.0], [98137.5, 2970.0], [98135.0, 5500.0], [98132.5, 2320.0], [98130.0, 7320.0], [98127.5, 4650.0], [98125.0, 15500.0], [98120.0, 1140.0], [98117.5, 3810.0], [98112.5, 1650.0], [98110.0, 20500.0], [98107.5, 50000.0], [98100.0, 1660.0], [98097.5, 5520.0], [98087.5, 1650.0], [98085.0, 5500.0], [98077.5, 20.0], [98070.0, 2250.0]], "asks": [[98160.0, 1260.0], [98162.5, 3790.0], [98165.0, 1690.0], [98170.0, 5500.0], [98172.5, 3000.0], [98175.0, 10000.0], [98177.5, 1650.0], [98180.0, 5500.0], [98185.0, 9150.0], [98187.5, 30500.0], [98190.0, 1660.0], [98192.5, 5500.0], [98195.0, 20.0], [98202.5, 1650.0], [98205.0, 5500.0], [98212.5, 1660.0], [98215.0, 5520.0], [98222.5, 1650.0], [98225.0, 5500.0], [98232.5, 1660.0]]}}}
{"jsonrpc": "2.0", "method": "subscription", "params": {"channel": "book.BTC-14FEB25.none.20.100ms", "data": {"timestamp": 1738720941215, "change_id": 86866075033, "instrument_name": "BTC-14FEB25", "bids": [[98157.5, 2960.0], [98155.0, 5520.0], [98142.5, 400.0], [98140.0, 1320.0], [98137.5, 2970.0], [98135.0, 5500.0], [98132.5, 2320.0], [98130.0, 7320.0], [98127.5, 4650.0], [98125.0, 15500.0], [98117.5, 20.0], [98112.5, 1650.0], [98110.0, 20500.0], [98107.5, 50000.0], [98100.0, 1660.0], [98097.5, 5520.0], [98087.5, 1650.0], [98085.0, 5500.0], [98077.5, 20.0], [98070.0, 2250.0]], "asks": [[98175.0, 4690.0], [98177.5, 10120.0], [98180.0, 5500.0], [98190.0, 1660.0], [98192.5, 5500.0], [98195.0, 20.0], [98202.5, 1650.0], [98205.0, 5500.0], [98212.5, 1660.0], [98215.0, 5520.0], [98222.5, 1650.0], [98225.0, 5500.0], [98232.5, 1660.0], [98235.0, 5520.0], [98240.0, 20.0], [98242.5, 1650.0], [98245.0, 5500.0], [98252.5, 1660.0], [98255.0, 5520.0], [98262.5, 11230.0]]}}}
{"jsonrpc": "2.0", "method": "subscription", "params": {"channel": "book.BTC-7FEB25.none.20.100ms", "data": {"timestamp": 1738720941220, "change_id": 86866075046, "instrument_name": "BTC-7FEB25", "bids": [[98077.5, 14550.0], [98060.0, 10.0], [98057.5, 890.0], [98055.0, 2800.0], [98052.5, 2100.0], [98050.0, 7000.0], [98047.5, 4550.0], [98045.0, 37510.0], [98042.5, 70020.0], [98040.0, 8200.0], [98037.5, 160.0], [98035.0, 3000.0], [98032.5, 10000.0], [98025.0, 2120.0], [98022.5, 7000.0], [98020.0, 50.0], [98012.5, 100.0], [98010.0, 10.0], [98007.5, 2100.0], [98005.0, 7000.0]], "asks": [[98080.0, 120.0], [98100.0, 10.0], [98105.0, 2100.0], [98107.5, 7000.0], [98115.0, 2100.0], [98117.5, 7040.0], [98120.0, 10.0], [98127.5, 2100.0], [98130.0, 7010.0], [98137.5, 3740.0], [98140.0, 7010.0], [98142.5, 20.0], [98147.5, 2100.0], [98150.0, 7000.0], [98155.0, 40.0], [98157.5, 2710.0], [98160.0, 12970.0], [98162.5, 13210.0], [98167.5, 2580.0], [98170.0, 7000.0]]}}}
{"jsonrpc": "2.0", "method": "subscription", "params": {"channel": "book.BTC-14FEB25.none.20.100ms", "data": {"timestamp": 1738720941549, "change_id": 86866076458, "instrument_name": "BTC-14FEB25", "bids": [[98170.0, 1300.0], [98167.5, 5500.0], [98157.5, 1300.0], [98155.0, 5640.0], [98150.0, 13790.0], [98140.0, 8640.0], [98137.5, 20.0], [98135.0, 5500.0], [98125.0, 5500.0], [98122.5, 50000.0], [98117.5, 20.0], [98110.0, 5500.0], [98097.5, 5520.0], [98085.0, 7100.0], [98077.5, 20.0], [98067.5, 7500.0], [98057.5, 5520.0], [98040.0, 5500.0], [98037.5, 20.0], [98030.0, 5500.0]], "asks": [[98185.0, 3790.0], [98195.0, 5520.0], [98197.5, 120.0], [98200.0, 10000.0], [98205.0, 5500.0], [98215.0, 5520.0], [98225.0, 5500.0], [98235.0, 5520.0], [98240.0, 20.0], [98245.0, 5500.0], [98255.0, 5520.0], [98265.0, 7500.0], [98275.0, 5520.0], [98287.5, 5500.0], [98292.5, 20.0], [98307.5, 5500.0], [98312.5, 20.0], [98325.0, 5500.0], [98332.5, 20.0], [98345.0, 5500.0]]}}}
{"jsonrpc": "2.0", "method": "subscription", "params": {"channel": "book.BTC-7FEB25.none.20.100ms", "data": {"timestamp": 1738720941539, "change_id": 86866076447, "instrument_name": "BTC-7FEB25", "bids": [[98087.5, 14000.0], [98082.5, 7000.0], [98077.5, 14550.0], [98067.5, 3800.0], [98060.0, 15190.0], [98057.5, 170.0], [98055.0, 12800.0], [98050.0, 7000.0], [98042.5, 70020.0], [98040.0, 7010.0], [98037.5, 40.0], [98022.5, 7000.0], [98020.0, 50.0], [98012.5, 100.0], [98010.0, 10.0], [98005.0, 7000.0], [98000.0, 50.0], [97995.0, 7000.0], [97990.0, 10.0], [97985.0, 7000.0]], "asks": [[98100.0, 10010.0], [98102.5, 3920.0], [98117.5, 7040.0], [98120.0, 10.0], [98130.0, 7010.0], [98137.5, 1640.0], [98140.0, 7010.0], [98142.5, 20.0], [98150.0, 7000.0], [98155.0, 40.0], [98157.5, 10.0], [98160.0, 9010.0], [98162.5, 13210.0], [98170.0, 7000.0], [98175.0, 40.0], [98177.5, 10.0], [98180.0, 7010.0], [98190.0, 7000.0], [98195.0, 40.0], [98200.0, 7010.0]]}}}
{"jsonrpc": "2.0", "method": "subscription", "params": {"channel": "book.BTC-14FEB25.none.20.100ms", "data": {"timestamp": 1738720941721, "change_id": 86866076769, "instrument_name": "BTC-14FEB25", "bids": [[98170.0, 1300.0], [98167.5, 5500.0], [98157.5, 1300.0], [98155.0, 5640.0], [98150.0, 13790.0], [98140.0, 7340.0], [98137.5, 50020.0], [98135.0, 84000.0], [98125.0, 5500.0], [98117.5, 20.0], [98110.0, 5500.0], [98097.5, 5520.0], [98085.0, 7100.0], [98077.5, 20.0], [98067.5, 7500.0], [98057.5, 5520.0], [98040.0, 5500.0], [98037.5, 20.0], [98030.0, 5500.0], [98020.0, 5520.0]], "asks": [[98185.0, 3790.0], [98195.0, 5520.0], [98197.5, 120.0], [98200.0, 10000.0], [98205.0, 5500.0], [98215.0, 5520.0], [98225.0, 5500.0], [98235.0, 5520.0], [98240.0, 20.0], [98245.0, 5500.0], [98255.0, 5520.0], [98265.0, 7500.0], [98275.0, 5520.0], [98287.5, 5500.0], [98292.5, 20.0], [98307.5, 5500.0], [98312.5, 20.0], [98325.0, 5500.0], [98332.5, 20.0], [98345.0, 5500.0]]}}}
{"jsonrpc": "2.0", "method": "subscription", "params": {"channel": "book.BTC-7FEB25.none.20.100ms", "data": {"timestamp": 1738720941703, "change_id": 86866076738, "instrument_name": "BTC-7FEB25", "bids": [[98087.5, 7000.0], [98077.5, 7550.0], [98067.5, 3800.0], [98060.0, 15190.0], [98057.5, 170.0], [98055.0, 10000.0], [98050.0, 7000.0], [98042.5, 70020.0], [98040.0, 7010.0], [98037.5, 40.0], [98022.5, 7000.0], [98020.0, 50.0], [98012.5, 100.0], [98010.0, 10.0], [98005.0, 7000.0], [98000.0, 50.0], [97995.0, 7000.0], [97990.0, 10.0], [97985.0, 7000.0], [97980.0, 50.0]], "asks": [[98097.5, 7000.0], [98100.0, 10010.0], [98102.5, 3920.0], [98117.5, 7040.0], [98120.0, 10.0], [98130.0, 7010.0], [98137.5, 1640.0], [98140.0, 7010.0], [98142.5, 20.0], [98150.0, 7000.0], [98155.0, 40.0], [98157.5, 10.0], [98160.0, 9010.0], [98162.5, 13210.0], [98170.0, 7000.0], [98175.0, 40.0], [98177.5, 10.0], [98180.0, 7010.0], [98190.0, 7000.0], [98195.0, 40.0]]}}}
{"jsonrpc": "2.0", "method": "subscription", "params": {"channel": "book.BTC-14FEB25.none.20.100ms", "data": {"timestamp": 1738720941944, "change_id": 86866077154, "instrument_name": "BTC-14FEB25", "bids": [[98175.0, 780.0], [98172.5, 1300.0], [98170.0, 2950.0], [98167.5, 5500.0], [98157.5, 2990.0], [98155.0, 5640.0], [98150.0, 13790.0], [98140.0, 7340.0], [98137.5, 50020.0], [98135.0, 84000.0], [98125.0, 5500.0], [98117.5, 20.0], [98110.0, 5500.0], [98097.5, 5520.0], [98085.0, 7100.0], [98077.5, 20.0], [98067.5, 7500.0], [98057.5, 5520.0], [98040.0, 5500.0], [98037.5, 20.0]], "asks": [[98182.5, 1140.0], [98185.0, 3790.0], [98192.5, 1660.0], [98195.0, 5520.0], [98197.5, 3120.0], [98200.0, 10000.0], [98205.0, 5500.0], [98215.0, 5520.0], [98225.0, 5500.0], [98235.0, 5520.0], [98240.0, 20.0], [98245.0, 5500.0], [98255.0, 5520.0], [98265.0, 7500.0], [98275.0, 5520.0], [98287.5, 5500.0], [98292.5, 20.0], [98307.5, 5500.0], [98312.5, 20.0], [98325.0, 5500.0]]}}}
{"jsonrpc": "2.0", "method": "subscription", "params": {"channel": "book.BTC-7FEB25.none.20.100ms", "data": {"timestamp": 1738720942146, "change_id": 86866077456, "instrument_name": "BTC-7FEB25", "bids": [[98087.5, 7000.0], [98080.0, 2270.0], [98077.5, 7550.0], [98070.0, 1140.0], [98067.5, 3920.0], [98060.0, 15190.0], [98057.5, 50.0], [98055.0, 10000.0], [98050.0, 7000.0], [98042.5, 70020.0], [98040.0, 7010.0], [98037.5, 40.0], [98022.5, 7000.0], [98020.0, 50.0], [98012.5, 100.0], [98010.0, 10.0], [98005.0, 7000.0], [98000.0, 50.0], [97995.0, 7000.0], [97990.0, 10.0]], "asks": [[98095.0, 5100.0], [98097.5, 7000.0], [98100.0, 11190.0], [98102.5, 3920.0], [98115.0, 2120.0], [98117.5, 7040.0], [98120.0, 10.0], [98130.0, 7010.0], [98137.5, 1640.0], [98140.0, 7010.0], [98142.5, 20.0], [98150.0, 7000.0], [98155.0, 40.0], [98157.5, 10.0], [98160.0, 9010.0], [98162.5, 13210.0], [98170.0, 7000.0], [98175.0, 40.0], [98177.5, 10.0], [98180.0, 7010.0]]}}}
{"jsonrpc": "2.0", "method": "subscription", "params": {"channel": "book.BTC-7FEB25.none.20.100ms", "data": {"timestamp": 1738720942532, "change_id": 86866078126, "instrument_name": "BTC-7FEB25", "bids": [[98092.5, 7000.0], [98090.0, 2100.0], [98087.5, 7000.0], [98080.0, 2270.0], [98077.5, 7550.0], [98070.0, 1140.0], [98067.5, 3920.0], [98060.0, 15190.0], [98057.5, 50.0], [98055.0, 10000.0], [98050.0, 7000.0], [98042.5, 70020.0], [98040.0, 7010.0], [98037.5, 40.0], [98022.5, 7000.0], [98020.0, 50.0], [98012.5, 100.0], [98010.0, 10.0], [98005.0, 7000.0], [98000.0, 50.0]], "asks": [[98100.0, 1190.0], [98102.5, 3920.0], [98110.0, 3000.0], [98112.5, 10000.0], [98115.0, 2120.0], [98117.5, 7040.0], [98120.0, 10.0], [98130.0, 7010.0], [98137.5, 1640.0], [98140.0, 7010.0], [98142.5, 20.0], [98150.0, 7000.0], [98155.0, 40.0], [98157.5, 10.0], [98160.0, 9010.0], [98162.5, 13210.0], [98170.0, 7000.0], [98175.0, 40.0], [98177.5, 10.0], [98180.0, 7010.0]]}}}
{"jsonrpc": "2.0", "method": "subscription", "params": {"channel": "book.BTC-14FEB25.none.20.100ms", "data": {"timestamp": 1738720942679, "change_id": 86866078316, "instrument_name": "BTC-14FEB25", "bids": [[98170.0, 1650.0], [98167.5, 5500.0], [98157.5, 2990.0], [98155.0, 5640.0], [98152.5, 4140.0], [98150.0, 13790.0], [98145.0, 17200.0], [98142.5, 50000.0], [98140.0, 32550.0], [98137.5, 20.0], [98135.0, 84000.0], [98127.5, 1650.0], [98125.0, 5500.0], [98117.5, 20.0], [98112.5, 1650.0], [98110.0, 5500.0], [98100.0, 1660.0], [98097.5, 5520.0], [98087.5, 2130.0], [98085.0, 7100.0]], "asks": [[98182.5, 1140.0], [98185.0, 3790.0], [98192.5, 1660.0], [98195.0, 5520.0], [98197.5, 3120.0], [98200.0, 10000.0], [98202.5, 1650.0], [98205.0, 5500.0], [98212.5, 1660.0], [98215.0, 5520.0], [98222.5, 1650.0], [98225.0, 5500.0], [98232.5, 1660.0], [98235.0, 5520.0], [98240.0, 20.0], [98242.5, 1650.0], [98245.0, 5500.0], [98252.5, 1660.0], [98255.0, 5520.0], [98262.5, 2250.0]]}}}
{"jsonrpc": "2.0", "method": "subscription", "params": {"channel": "book.BTC-7FEB25.none.20.100ms", "data": {"timestamp": 1738720942775, "change_id": 86866078432, "instrument_name": "BTC-7FEB25", "bids": [[98092.5, 7000.0], [98090.0, 2100.0], [98087.5, 7000.0], [98080.0, 2270.0], [98077.5, 7550.0], [98070.0, 1140.0], [98067.5, 3920.0], [98060.0, 15190.0], [98057.5, 50.0], [98055.0, 10000.0], [98050.0, 7000.0], [98042.5, 70020.0], [98040.0, 7010.0], [98037.5, 40.0], [98022.5, 7000.0], [98020.0, 50.0], [98012.5, 100.0], [98010.0, 10.0], [98005.0, 7000.0], [98000.0, 50.0]], "asks": [[98097.5, 3280.0], [98100.0, 7010.0], [98102.5, 3920.0], [98110.0, 3000.0], [98112.5, 10000.0], [98115.0, 2120.0], [98117.5, 7040.0], [98120.0, 10.0], [98130.0, 7010.0], [98137.5, 1640.0], [98140.0, 7010.0], [98142.5, 20.0], [98150.0, 7000.0], [98155.0, 40.0], [98157.5, 10.0], [98160.0, 9010.0], [98162.5, 13210.0], [98170.0, 7000.0], [98175.0, 40.0], [98177.5, 10.0]]}}}
{"jsonrpc": "2.0", "method": "subscription", "params": {"channel": "book.BTC-14FEB25.none.20.100ms", "data": {"timestamp": 1738720943204, "change_id": 86866079004, "instrument_name": "BTC-14FEB25", "bids": [[98172.5, 390.0], [98170.0, 1730.0], [98167.5, 1300.0], [98165.0, 120.0], [98157.5, 1690.0], [98155.0, 9660.0], [98152.5, 10000.0], [98150.0, 20440.0], [98147.5, 50000.0], [98145.0, 5500.0], [98142.5, 2200.0], [98140.0, 32550.0], [98137.5, 20.0], [98135.0, 84000.0], [98127.5, 1650.0], [98125.0, 5500.0], [98117.5, 20.0], [98112.5, 1650.0], [98110.0, 5500.0], [98100.0, 1660.0]], "asks": [[98182.5, 1140.0], [98185.0, 3790.0], [98192.5, 1660.0], [98195.0, 5520.0], [98197.5, 3120.0], [98200.0, 10000.0], [98202.5, 1650.0], [98205.0, 5500.0], [98212.5, 1660.0], [98215.0, 5520.0], [98222.5, 1650.0], [98225.0, 5500.0], [98232.5, 1660.0], [98235.0, 5520.0], [98240.0, 20.0], [98242.5, 1650.0], [98245.0, 5500.0], [98252.5, 1660.0], [98255.0, 5520.0], [98262.5, 2250.0]]}}}
{"jsonrpc": "2.0", "method": "subscription", "params": {"channel": "book.BTC-7FEB25.none.20.100ms", "data": {"timestamp": 1738720943204, "change_id": 86866079009, "instrument_name": "BTC-7FEB25", "bids": [[98092.5, 350.0], [98087.5, 7000.0], [98080.0, 2270.0], [98077.5, 7550.0], [98070.0, 1140.0], [98067.5, 3920.0], [98062.5, 4560.0], [98060.0, 15190.0], [98057.5, 50.0], [98055.0, 10000.0], [98050.0, 7000.0], [98042.5, 70020.0], [98040.0, 7010.0], [98037.5, 40.0], [98025.0, 2120.0], [98022.5, 7000.0], [98020.0, 50.0], [98012.5, 100.0], [98010.0, 10.0], [98005.0, 7000.0]], "asks": [[98095.0, 7000.0], [98100.0, 1190.0], [98102.5, 3920.0], [98110.0, 3000.0], [98112.5, 10000.0], [98115.0, 2120.0], [98117.5, 7040.0], [98120.0, 10.0], [98122.5, 23550.0], [98125.0, 78490.0], [98127.5, 2100.0], [98130.0, 7010.0], [98137.5, 1640.0], [98140.0, 7010.0], [98142.5, 20.0], [98150.0, 7000.0], [98155.0, 40.0], [98157.5, 10.0], [98160.0, 12970.0], [98162.5, 13210.0]]}}}
{"jsonrpc": "2.0", "method": "subscription", "params": {"channel": "book.BTC-7FEB25.none.20.100ms", "data": {"timestamp": 1738720943240, "change_id": 86866079021, "instrument_name": "BTC-7FEB25", "bids": [[98092.5, 350.0], [98087.5, 7000.0], [98080.0, 2270.0], [98077.5, 7550.0], [98070.0, 1140.0], [98067.5, 3920.0], [98062.5, 4560.0], [98060.0, 15190.0], [98057.5, 50.0], [98055.0, 10000.0], [98050.0, 7000.0], [98042.5, 70020.0], [98040.0, 7010.0], [98037.5, 40.0], [98025.0, 2120.0], [98022.5, 7000.0], [98020.0, 50.0], [98012.5, 100.0], [98010.0, 10.0], [98005.0, 7000.0]], "asks": [[98095.0, 17000.0], [98100.0, 1190.0], [98102.5, 3920.0], [98115.0, 2120.0], [98117.5, 7040.0], [98120.0, 10.0], [98122.5, 23550.0], [98125.0, 78490.0], [98127.5, 2100.0], [98130.0, 7010.0], [98137.5, 1640.0], [98140.0, 7010.0], [98142.5, 20.0], [98150.0, 7000.0], [98155.0, 40.0], [98157.5, 10.0], [98160.0, 12970.0], [98162.5, 13210.0], [98170.0, 7000.0], [98175.0, 40.0]]}}}
{"jsonrpc": "2.0", "method": "subscription", "params": {"channel": "book.BTC-7FEB25.none.20.100ms", "data": {"timestamp": 1738720943767, "change_id": 86866079655, "instrument_name": "BTC-7FEB25", "bids": [[98092.5, 350.0], [98087.5, 7000.0], [98080.0, 2270.0], [98077.5, 7550.0], [98070.0, 1140.0], [98067.5, 3920.0], [98062.5, 4560.0], [98060.0, 15190.0], [98057.5, 50.0], [98055.0, 10000.0], [98050.0, 7000.0], [98042.5, 70020.0], [98040.0, 7010.0], [98037.5, 40.0], [98025.0, 2120.0], [98022.5, 7000.0], [98020.0, 50.0], [98012.5, 100.0], [98010.0, 10.0], [98005.0, 7000.0]], "asks": [[98097.5, 20280.0], [98100.0, 7010.0], [98102.5, 3920.0], [98115.0, 2120.0], [98117.5, 7040.0], [98120.0, 10.0], [98122.5, 23550.0], [98125.0, 78490.0], [98127.5, 2100.0], [98130.0, 7010.0], [98137.5, 1640.0], [98140.0, 7010.0], [98142.5, 20.0], [98150.0, 7000.0], [98155.0, 40.0], [98157.5, 10.0], [98160.0, 12970.0], [98162.5, 13210.0], [98170.0, 7000.0], [98175.0, 40.0]]}}}
{"jsonrpc": "2.0", "method": "subscription", "params": {"channel": "book.BTC-14FEB25.none.20.100ms", "data": {"timestamp": 1738720944504, "change_id": 86866080819, "instrument_name": "BTC-14FEB25", "bids": [[98175.0, 2040.0], [98172.5, 5500.0], [98170.0, 1730.0], [98167.5, 1300.0], [98165.0, 120.0], [98157.5, 1690.0], [98155.0, 24140.0], [98152.5, 60000.0], [98150.0, 3790.0], [98147.5, 1650.0], [98145.0, 5500.0], [98140.0, 25230.0], [98137.5, 7340.0], [98135.0, 84000.0], [98127.5, 1650.0], [98125.0, 5500.0], [98117.5, 20.0], [98112.5, 1650.0], [98110.0, 5500.0], [98100.0, 1660.0]], "asks": [[98195.0, 20.0], [98197.5, 120.0], [98202.5, 1650.0], [98205.0, 5500.0], [98212.5, 1660.0], [98215.0, 5520.0], [98222.5, 1650.0], [98225.0, 5500.0], [98232.5, 1660.0], [98235.0, 5520.0], [98240.0, 20.0], [98242.5, 1650.0], [98245.0, 5500.0], [98252.5, 1660.0], [98255.0, 5520.0], [98262.5, 2250.0], [98265.0, 7500.0], [98272.5, 1660.0], [98275.0, 5520.0], [98285.0, 1650.0]]}}}
{"jsonrpc": "2.0", "method": "subscription", "params": {"channel": "book.BTC-7FEB25.none.20.100ms", "data": {"timestamp": 1738720944526, "change_id": 86866080960, "instrument_name": "BTC-7FEB25", "bids": [[98095.0, 7000.0], [98092.5, 14000.0], [98090.0, 2100.0], [98087.5, 7000.0], [98080.0, 2270.0], [98077.5, 7550.0], [98070.0, 1140.0], [98067.5, 3920.0], [98060.0, 10.0], [98057.5, 3050.0], [98055.0, 10000.0], [98050.0, 7000.0], [98042.5, 70020.0], [98040.0, 7010.0], [98037.5, 40.0], [98025.0, 2120.0], [98022.5, 7000.0], [98020.0, 50.0], [98012.5, 100.0], [98010.0, 10.0]], "asks": [[98100.0, 10.0], [98102.5, 120.0], [98117.5, 40.0], [98120.0, 10.0], [98130.0, 7010.0], [98137.5, 1640.0], [98140.0, 7010.0], [98142.5, 20.0], [98150.0, 7000.0], [98155.0, 40.0], [98157.5, 10.0], [98160.0, 9010.0], [98162.5, 13210.0], [98170.0, 7000.0], [98175.0, 40.0], [98177.5, 10.0], [98180.0, 7010.0], [98190.0, 7000.0], [98195.0, 40.0], [98200.0, 7010.0]]}}}
{"jsonrpc": "2.0", "method": "subscription", "params": {"channel": "book.BTC-14FEB25.none.20.100ms", "data": {"timestamp": 1738720944850, "change_id": 86866082628, "instrument_name": "BTC-14FEB25", "bids": [[98192.5, 5500.0], [98185.0, 1650.0], [98182.5, 5500.0], [98175.0, 5650.0], [98172.5, 9290.0], [98170.0, 10430.0], [98167.5, 1300.0], [98165.0, 1140.0], [98160.0, 7320.0], [98157.5, 1690.0], [98155.0, 55520.0], [98147.5, 1650.0], [98145.0, 5500.0], [98140.0, 25230.0], [98137.5, 20.0], [98135.0, 84000.0], [98127.5, 1650.0], [98125.0, 5500.0], [98117.5, 20.0], [98112.5, 1650.0]], "asks": [[98195.0, 20.0], [98212.5, 2650.0], [98215.0, 9310.0], [98222.5, 4440.0], [98225.0, 15500.0], [98232.5, 1660.0], [98235.0, 5520.0], [98240.0, 20.0], [98245.0, 5500.0], [98255.0, 5520.0], [98265.0, 5500.0], [98275.0, 5520.0], [98287.5, 5500.0], [98292.5, 20.0], [98297.5, 5500.0], [98300.0, 30880.0], [98307.5, 5500.0], [98312.5, 20.0], [98315.0, 2000.0], [98325.0, 5500.0]]}}}
{"jsonrpc": "2.0", "method": "subscription", "params": {"channel": "book.BTC-7FEB25.none.20.100ms", "data": {"timestamp": 1738720944851, "change_id": 86866082629, "instrument_name": "BTC-7FEB25", "bids": [[98107.5, 9800.0], [98105.0, 14000.0], [98100.0, 7000.0], [98097.5, 500.0], [98092.5, 7000.0], [98080.0, 50120.0], [98077.5, 17040.0], [98072.5, 20000.0], [98060.0, 10.0], [98057.5, 50.0], [98050.0, 7000.0], [98042.5, 20.0], [98040.0, 7010.0], [98037.5, 40.0], [98022.5, 7000.0], [98020.0, 50.0], [98012.5, 100.0], [98010.0, 10.0], [98005.0, 7000.0], [98002.5, 2000.0]], "asks": [[98117.5, 40.0], [98120.0, 10.0], [98130.0, 10.0], [98132.5, 13800.0], [98137.5, 40.0], [98140.0, 7010.0], [98142.5, 20.0], [98150.0, 7000.0], [98155.0, 40.0], [98157.5, 10.0], [98160.0, 7010.0], [98162.5, 13210.0], [98170.0, 8600.0], [98175.0, 40.0], [98177.5, 10.0], [98180.0, 7010.0], [98190.0, 7000.0], [98195.0, 40.0], [98200.0, 7010.0], [98202.5, 100.0]]}}}
{"jsonrpc": "2.0", "method": "subscription", "params": {"channel": "book.BTC-14FEB25.none.20.100ms", "data": {"timestamp": 1738720945067, "change_id": 86866083705, "instrument_name": "BTC-14FEB25", "bids": [[98185.0, 1650.0], [98182.5, 5500.0], [98175.0, 5650.0], [98172.5, 9290.0], [98170.0, 10430.0], [98165.0, 2050.0], [98160.0, 7320.0], [98157.5, 1690.0], [98155.0, 5520.0], [98150.0, 50000.0], [98147.5, 1650.0], [98145.0, 5500.0], [98140.0, 20.0], [98137.5, 20.0], [98135.0, 5500.0], [98127.5, 1650.0], [98125.0, 5500.0], [98117.5, 20.0], [98112.5, 1650.0], [98110.0, 7500.0]], "asks": [[98195.0, 20.0], [98212.5, 2650.0], [98215.0, 9310.0], [98222.5, 4440.0], [98225.0, 15620.0], [98232.5, 1660.0], [98235.0, 5520.0], [98240.0, 20.0], [98245.0, 5500.0], [98255.0, 5520.0], [98265.0, 5500.0], [98275.0, 5520.0], [98287.5, 5500.0], [98292.5, 20.0], [98297.5, 5500.0], [98300.0, 30880.0], [98307.5, 5500.0], [98312.5, 20.0], [98315.0, 2000.0], [98325.0, 5500.0]]}}}
{"jsonrpc": "2.0", "method": "subscription", "params": {"channel": "book.BTC-7FEB25.none.20.100ms", "data": {"timestamp": 1738720945090, "change_id": 86866083806, "instrument_name": "BTC-7FEB25", "bids": [[98115.0, 350.0], [98112.5, 7000.0], [98110.0, 5040.0], [98107.5, 9800.0], [98105.0, 7000.0], [98097.5, 500.0], [98095.0, 3240.0], [98092.5, 10800.0], [98087.5, 20000.0], [98085.0, 50000.0], [98080.0, 120.0], [98077.5, 17040.0], [98070.0, 23540.0], [98067.5, 78450.0], [98060.0, 10.0], [98057.5, 50.0], [98050.0, 7000.0], [98042.5, 20.0], [98040.0, 7010.0], [98037.5, 40.0]], "asks": [[98117.5, 40.0], [98120.0, 10.0], [98130.0, 130.0], [98132.5, 13800.0], [98137.5, 40.0], [98140.0, 7010.0], [98142.5, 20.0], [98150.0, 7000.0], [98155.0, 40.0], [98157.5, 10.0], [98160.0, 7010.0], [98162.5, 13210.0], [98170.0, 8600.0], [98175.0, 40.0], [98177.5, 10.0], [98180.0, 7010.0], [98190.0, 7000.0], [98195.0, 40.0], [98200.0, 7010.0], [98202.5, 100.0]]}}}
{"jsonrpc": "2.0", "method": "subscription", "params": {"channel": "book.BTC-14FEB25.none.20.100ms", "data": {"timestamp": 1738720945465, "change_id": 86866085420, "instrument_name": "BTC-14FEB25", "bids": [[98192.5, 15500.0], [98190.0, 6020.0], [98187.5, 7320.0], [98185.0, 1770.0], [98182.5, 5500.0], [98175.0, 1650.0], [98172.5, 5500.0], [98162.5, 78530.0], [98155.0, 5520.0], [98147.5, 50000.0], [98145.0, 5500.0], [98140.0, 20.0], [98137.5, 20.0], [98135.0, 5500.0], [98125.0, 5500.0], [98117.5, 1620.0], [98110.0, 7500.0], [98097.5, 5520.0], [98085.0, 5500.0], [98077.5, 20.0]], "asks": [[98195.0, 20.0], [98215.0, 20.0], [98222.5, 1690.0], [98225.0, 6760.0], [98227.5, 3790.0], [98235.0, 5520.0], [98237.5, 10000.0], [98240.0, 20.0], [98245.0, 5500.0], [98255.0, 5520.0], [98265.0, 5500.0], [98275.0, 5520.0], [98287.5, 5500.0], [98292.5, 20.0], [98297.5, 5500.0], [98307.5, 5500.0], [98312.5, 20.0], [98315.0, 2000.0], [98325.0, 5500.0], [98332.5, 20.0]]}}}
{"jsonrpc": "2.0", "method": "subscription", "params": {"channel": "book.BTC-7FEB25.none.20.100ms", "data": {"timestamp": 1738720945506, "change_id": 86866085546, "instrument_name": "BTC-7FEB25", "bids": [[98115.0, 14350.0], [98112.5, 7000.0], [98110.0, 2940.0], [98107.5, 6600.0], [98105.0, 7000.0], [98102.5, 4550.0], [98100.0, 15180.0], [98097.5, 500.0], [98095.0, 2140.0], [98092.5, 7000.0], [98090.0, 24120.0], [98087.5, 80000.0], [98080.0, 2110.0], [98077.5, 7040.0], [98060.0, 10.0], [98057.5, 50.0], [98052.5, 2100.0], [98050.0, 7000.0], [98042.5, 2120.0], [98040.0, 7010.0]], "asks": [[98117.5, 40.0], [98120.0, 10.0], [98130.0, 3130.0], [98132.5, 10000.0], [98137.5, 40.0], [98140.0, 10.0], [98142.5, 1160.0], [98145.0, 3800.0], [98147.5, 2100.0], [98150.0, 7000.0], [98155.0, 40.0], [98157.5, 2110.0], [98160.0, 7010.0], [98167.5, 2100.0], [98170.0, 7000.0], [98175.0, 40.0], [98177.5, 10.0], [98180.0, 7010.0], [98190.0, 7000.0], [98195.0, 40.0]]}}}
{"jsonrpc": "2.0", "method": "subscription", "params": {"channel": "book.BTC-14FEB25.none.20.100ms", "data": {"timestamp": 1738720945723, "change_id": 86866086106, "instrument_name": "BTC-14FEB25", "bids": [[98192.5, 21000.0], [98190.0, 3790.0], [98185.0, 1770.0], [98182.5, 5500.0], [98175.0, 1650.0], [98172.5, 5500.0], [98165.0, 50000.0], [98162.5, 78530.0], [98155.0, 5520.0], [98150.0, 7320.0], [98145.0, 5500.0], [98140.0, 20.0], [98137.5, 20.0], [98135.0, 5500.0], [98125.0, 5500.0], [98117.5, 1620.0], [98110.0, 7500.0], [98097.5, 5520.0], [98085.0, 5500.0], [98077.5, 20.0]], "asks": [[98195.0, 20.0], [98215.0, 20.0], [98225.0, 1260.0], [98227.5, 3790.0], [98232.5, 1660.0], [98235.0, 8530.0], [98237.5, 10000.0], [98240.0, 20.0], [98242.5, 1650.0], [98245.0, 5500.0], [98255.0, 5520.0], [98265.0, 5500.0], [98275.0, 5520.0], [98287.5, 5500.0], [98292.5, 20.0], [98297.5, 5500.0], [98307.5, 5500.0], [98312.5, 20.0], [98315.0, 2000.0], [98325.0, 5500.0]]}}}
{"jsonrpc": "2.0", "method": "subscription", "params": {"channel": "book.BTC-7FEB25.none.20.100ms", "data": {"timestamp": 1738720945813, "change_id": 86866086664, "instrument_name": "BTC-7FEB25", "bids": [[98115.0, 17150.0], [98112.5, 7000.0], [98110.0, 2940.0], [98107.5, 6600.0], [98105.0, 7000.0], [98102.5, 4550.0], [98100.0, 18450.0], [98097.5, 10500.0], [98095.0, 2140.0], [98092.5, 7000.0], [98090.0, 24000.0], [98087.5, 70000.0], [98080.0, 2120.0], [98077.5, 7040.0], [98060.0, 10.0], [98057.5, 50.0], [98052.5, 2100.0], [98050.0, 7000.0], [98042.5, 2120.0], [98040.0, 7010.0]], "asks": [[98117.5, 40.0], [98120.0, 10.0], [98130.0, 130.0], [98137.5, 40.0], [98140.0, 10.0], [98142.5, 1160.0], [98145.0, 8900.0], [98147.5, 10000.0], [98150.0, 7000.0], [98155.0, 40.0], [98157.5, 2110.0], [98160.0, 7010.0], [98167.5, 2100.0], [98170.0, 7000.0], [98175.0, 40.0], [98177.5, 2110.0], [98180.0, 7010.0], [98187.5, 2100.0], [98190.0, 7000.0], [98195.0, 40.0]]}}}
{"jsonrpc": "2.0", "method": "subscription", "params": {"channel": "book.BTC-14FEB25.none.20.100ms", "data": {"timestamp": 1738720946110, "change_id": 86866087474, "instrument_name": "BTC-14FEB25", "bids": [[98192.5, 21000.0], [98190.0, 3790.0], [98185.0, 1770.0], [98182.5, 5500.0], [98175.0, 1650.0], [98172.5, 5500.0], [98155.0, 5520.0], [98152.5, 50000.0], [98150.0, 7320.0], [98145.0, 5500.0], [98140.0, 20.0], [98137.5, 20.0], [98125.0, 5500.0], [98117.5, 1620.0], [98110.0, 7500.0], [98097.5, 5520.0], [98085.0, 5500.0], [98077.5, 20.0], [98067.5, 5500.0], [98057.5, 5520.0]], "asks": [[98195.0, 20.0], [98215.0, 20.0], [98225.0, 1140.0], [98227.5, 3790.0], [98232.5, 1660.0], [98235.0, 8530.0], [98237.5, 10120.0], [98240.0, 20.0], [98242.5, 1650.0], [98245.0, 5500.0], [98255.0, 5520.0], [98265.0, 5500.0], [98275.0, 5520.0], [98287.5, 5500.0], [98292.5, 20.0], [98307.5, 5500.0], [98312.5, 20.0], [98315.0, 2000.0], [98325.0, 5500.0], [98332.5, 20.0]]}}}
{"jsonrpc": "2.0", "method": "subscription", "params": {"channel": "book.BTC-7FEB25.none.20.100ms", "data": {"timestamp": 1738720946164, "change_id": 86866087524, "instrument_name": "BTC-7FEB25", "bids": [[98117.5, 10800.0], [98115.0, 14000.0], [98112.5, 4550.0], [98110.0, 18120.0], [98105.0, 7000.0], [98100.0, 3270.0], [98097.5, 10500.0], [98095.0, 16830.0], [98092.5, 7000.0], [98090.0, 70000.0], [98080.0, 2120.0], [98077.5, 7040.0], [98060.0, 10.0], [98057.5, 50.0], [98052.5, 2100.0], [98050.0, 7000.0], [98042.5, 2120.0], [98040.0, 7010.0], [98037.5, 40.0], [98025.0, 2120.0]], "asks": [[98120.0, 3280.0], [98130.0, 130.0], [98137.5, 40.0], [98140.0, 10.0], [98142.5, 1160.0], [98145.0, 8900.0], [98147.5, 10000.0], [98150.0, 7000.0], [98155.0, 40.0], [98157.5, 2110.0], [98160.0, 7010.0], [98167.5, 2100.0], [98170.0, 7000.0], [98175.0, 40.0], [98177.5, 2110.0], [98180.0, 7010.0], [98187.5, 2100.0], [98190.0, 7000.0], [98195.0, 40.0], [98197.5, 2100.0]]}}}
